%
%       BIBLIOGRAPHY OF PAPERS BY OLEG V. VASILYEV
%

@article{,
    author = {},
    title = {},
    journal = {},
    publisher = {},
    volume = {},
    pages = {},
    year = {},
   }

%
%--------------------------------------------- 1995 ---------------------------------------------------
%
@article{vasilyev-paolucci-sen:1995,
    author = {Vasilyev, O.~V. and Paolucci, S. and Sen, M.},
    title = {A Multilevel Wavelet Collocation Method for Solving Partial
             Differential Equations in a Finite Domain},
    journal = {J. Comput. Phys.},
    publisher = {},
    volume = {120},
    pages = {33--47},
    year = {1995},
   }
%
%--------------------------------------------- 1996 ---------------------------------------------------
%
@phdthesis{vasilyev:1996,
 Author = {Vasilyev, O.~V.},
 Title = {Multilevel Wavelet Collocation Methods for Solving Partial
          Differential Equations},
 Year = {1996},
 school = {University of Notre Dame},
}
@article{vasilyev-paolucci:1996,
    author = {Vasilyev, O.~V. and Paolucci, S.},
    title = {A Dynamically Adaptive Multilevel Wavelet Collocation Method
             for Solving Partial Differential Equations in a Finite Domain},
    journal = {J. Comput. Phys.},
    publisher = {},
    volume = {125},
    pages = {498--512},
    year = {1996},
   }
@inproceedings{vasilyev-paolucci:1996a,
    author = {O.~V. Vasilyev and S. Paolucci},
    title = { Thermoacoustic Wave Propagation Modeling Using a Dynamically
              Adaptive Wavelet Collocation Method},
    booktitle = {Proceedings of the ASME Heat Transfer Division},
    volume ={HTD-335},
    pages ={47-54},
    organization = {ASME},
    year = {1996a},
   }

%
%--------------------------------------------- 1997 ---------------------------------------------------
%
@article{vasilyev-paolucci:1997,
    author = {Vasilyev, O.~V. and Paolucci, S.},
    title = {A Fast Adaptive Wavelet Collocation Algorithm for
             Multi-Dimensional {PDEs}},
    journal = {J. Comput. Phys.},
    publisher = {},
    volume = {125},
    pages = {16--56},
    year = {1997},
   }
@article{vasilyev-yuen-paolucci:1997,
    author = {Vasilyev, O.~V. and Yuen, D.~A. and Paolucci, S.},
    title = {The Solution of {PDEs} Using Wavelets},
    journal = {Computers in Phys.},
    publisher = {},
    volume = {11},
    number = {5},
    pages = {429--435},
    year = {1997},
   }
@article{vasilyev-yuen-podladchikov:1997,
    author = {Vasilyev, O.~V. and Yuen, D.~A. and Podladchikov, Yu.~Yu.},
    title = {Applicability of Wavelet Algorithm for Geophysical
             Viscoelastic Flow},
    journal = {Geophys. Res. Lett.},
    publisher = {},
    volume = {24},
    number = {23},
    pages = {3097--3100},
    year = {1997},
   }
%
%--------------------------------------------- 1998 ---------------------------------------------------
%
@incollection {vasilyev-bushe:1998,
   author = {O.~V. Vasilyev and  W.~K. Bushe},
   title = {On the use of a dynamically adaptive wavelet collocation algorithm in {DNS} of non-premixed turbulent combustion},
   booktitle = {Annual Research Briefs},
   publisher = {Center for Turbulence Research},
   pages = {65--81},
   year = {1998},
  }
@article{morinishi-lund-vasilyev-moin:1998,
    author = {Morinishi, Y. and Lund, T.~S. and Vasilyev, O.~V. and Moin, P.},
    title = {Fully Conservative Higher Order Finite Difference Schemes for Incompressible Flow},
    journal = {J. Comp. Phys.},
    publisher = {},
    volume = {143},
    number = {},
    pages = {90--124},
    year = {1998},
   }
@article{vasilyev-lund-moin:1998,
    author = {Vasilyev, O.~V. and Lund, T.~S. and Moin, P.},
    title = {A general class of commutative filters for {LES} in complex geometries},
    journal = {J. Comp. Phys.},
    publisher = {},
    volume = {146},
    number = {},
    pages = {105--123},
    year = {1998},
   }
@article{vasilyev-podladchikov-yuen:1998,
    author = {Vasilyev, O.~V. and Podladchikov, Yu.~Yu. and Yuen, D.~A.},
    title = {Modeling of Compaction Driven Flow in
     Poro-Viscoelastic Medium Using Adaptive Wavelet Collocation Method},
    journal = {Geophys. Res. Lett.},
    publisher = {},
    volume = {25},
    number = {17},
    pages = {3239--3242},
    year = {1998},
   }
%
%--------------------------------------------- 1999 ---------------------------------------------------
%
%
%--------------------------------------------- 2000 ---------------------------------------------------
%
@article{vasilyev-bowman:2000,
    author = {Vasilyev, O.~V. and Bowman, C.},
    title = {Second Generation Wavelet Collocation Method for the Solution of Partial Differential Equations},
    journal = {J. Comp. Phys.},
    publisher = {},
    volume = {165},
    number = {},
    pages = {660-693},
    year = {2000},
   }

@ARTICLE{marsden-vasilyev-moin:2000,
  AUTHOR = {A.~L. Marsden and O.~V. Vasilyev and P. Moin},
  TITLE = {Construction of commutative filters for {LES} on unstructured meshes},
  JOURNAL = {Center for Turbulence Research Annual Research Briefs},
  YEAR = {2000},
  VOLUME = {},
  NUMBER = {},
  PAGES = {179-192}
}

@incollection {goldstein-vasilyev:2000,
   author = {Goldstein, D.~E. and Vasilyev, O.~V. and Wray, A.~A. and Rogallo, R.~S. },
   title = {Evaluation of The Use of Second Generation Wavelets in the Coherent Vortex Simulation Approach},
   booktitle = { Proceedings of the 2000 Summer Program},
   publisher = {Center for Turbulence Research},
   pages = {293--304},
   year = {2000},
  }
@article{vasilyev:2000,
    author = {Vasilyev, O.~V.},
    title = {High Order Finite Difference Schemes on Non-uniform Meshes with Good Conservation Properties},
    journal = {J. Comp. Phys.},
    publisher = {},
    volume = {157},
    number = {},
    pages = {746--761},
    year = {2000},
   }
%
%--------------------------------------------- 2001 ---------------------------------------------------
%
@incollection{vasilyev-kevlahan:2001,
    author = {Vasilyev, O.~V. and Kevlahan, N.~K.-R.},
    title = {Hybrid Wavelet Collocation - {B}rinkman Penalization Method for Complex Geometry Flows},
    booktitle = {Numerical Methods for Fluid Dynamics VII, ICFD},
    publisher = {Oxford, University Computing Laboratory},
    volume = {},
    number = {},
    editor = {M.~J. Baines},
    pages = {509--515},
    year = {2001},
   }
@inproceedings{destefano-vasilyev:2001,
     author = {G. {De Stefano} and O.~V. Vasilyev},
    title = {A study of the effect of smooth filtering in {LES}},
    booktitle = {Proceedings of the Third {AFOSR} International Conference on {DNS/LES}},
    volume ={},
    pages ={247--254},
    organization = {Edited by C. Liu et al., Greyden Press, Columbus},
    year = {2001},
   }

@article{morinishi-vasilyev:2001,
    author = {Morinishi, Y. and Vasilyev, O.V.},
    title = {A Recommended Modification to the Dynamic Two-parameter Mixed Subgrid Scale Model for Large Eddy Simulation of Turbulent Flow},
    journal = {Phys. Fluids},
    publisher = {},
    volume = {13},
    number = {11},
    pages = {3400--3410},
    year = {2001},
   }
 @article{vasilyev-ten-yuen:2001,
    author = {Vasilyev, O.V. and Ten, A.A. and Yuen, D.A.},
    title = {Temperature-Dependent Viscous Gravity Currents with Shear Heating},
    journal = {Phys. Fluids},
    publisher = {},
    volume = {13},
    number = {12},
    pages = {3664--3674},
    year = {2001},
   }
@article{vasilyev-podladchikov-yuen:2001,
    author = {Vasilyev, O.~V. and Podladchikov, Yu.~Yu. and Yuen, D.~A.},
    title = {Modeling of Viscoelastic Plume-Lithosphere Interaction Using Adaptive Multilevel Wavelet Collocation Method},
    journal = {Geophys. J. Int.},
    publisher = {},
    volume = {147},
    number = {3},
    pages = {579--589},
    year = {2001},
   }
@article{winckelmans-wray-vasilyev-jeanmart:2001,
    author = {Winckelmans, G.S. and Wray, A.A. and Vasilyev, O.V. and Jeanmart, H.},
    title = {Explicit-filtering large-eddy simulation using the tensor-diffusivity model supplemented by a dynamic Smagorinsky Term},
    journal = {Phys. Fluids},
    publisher = {},
    volume = {13},
    number = {5},
    pages = {1385--1403},
    year = {2001},
   }
@inproceedings{vasilyev:2001,
     author = {O.~V. Vasilyev},
    title = {Computational Constrains on Large Eddy Simulation of Inhomogeneous Turbulent Complex Geometry Flows},
    booktitle = {Proceedings of the Third {AFOSR} International Conference on {DNS/LES}},
    volume ={},
    pages ={93--104},
    organization = {Edited by C. Liu et al., Greyden Press, Columbus},
    year = {2001},
   }
%
%--------------------------------------------- 2002 ---------------------------------------------------
%
@article{destefano-vasilyev:2002,
    author = {De Stefano, G. and Vasilyev, O.~V.},
    title = {Sharp Cut-Off vs. Smooth Filtering in {LES}},
    journal = {Phys. Fluids},
    publisher = {},
    volume = {14},
    number = {1},
    pages = {362--369},
    year = {2002},
   }

@ARTICLE{marsden-vasilyev-moin:2002,
  AUTHOR = {A.~L. Marsden and O.~V. Vasilyev and P. Moin},
  TITLE = {Construction of Commutative Filters for {LES} on Unstructured Meshes},
  JOURNAL = {J. Comp. Phys.},
  YEAR = {2002},
  VOLUME = {175},
  NUMBER = {},
  PAGES = {584--603}
}
@article{morinishi-vasilyev:2002,
    author = {Morinishi, Y. and Vasilyev, O.V.},
    title = {Vector Level Identity for Dynamic Subgrid Scale Modeling in Large Eddy Simulation},
    journal = {Phys. Fluids},
    publisher = {},
    volume = {14},
    number = {10},
    pages = {3616--3623},
    year = {2002},
   }
@article{vasilyev-kevlahan:2002b,
    author = {Vasilyev, O.~V. and Kevlahan, N.~K.~R.},
    title = {An Adaptive Wavelet Collocation Method for Fluid-Structure Interaction},
    journal = {Bulletin of the American Physical Society},
    publisher = {},
    volume = {47},
    number = {10},
    pages = {186},
    year = {2002},
   }
@article{vasilyev-kevlahan:2002,
    author = {Vasilyev, O.~V. and Kevlahan, N.~K.-R.},
    title = {Hybrid Wavelet Collocation - {B}rinkman Penalization Method for Complex Geometry Flows},
    journal = {Int.  J. Numerical Methods in Fluids},
    volume = {40},
    number = {},
    pages = {531--538},
    year = {2002},
   }
%
%--------------------------------------------- 2003 ---------------------------------------------------
%
@article{haselbacher-vasilyev:2003,
    author = {Haselbacher, A. and Vasilyev, O.~V. },
    title = {Commutative Discrete Filtering on Unstructured Grids Based on Least-Squares Techniques},
    journal = {J. Comp. Phys.},
    publisher = {},
    volume = {187},
    number = {1},
    pages = {197--211},
    year = {2003},
   }
@article{vasilyev:2003,
    author = {Vasilyev, O.~V.},
    title = {Solving Multi-Dimensional Evolution Problems with Localized Structures Using Second Generation Wavelets},
    journal = {Int. J. Comp. Fluid Dyn., {\em Special issue on High-resolution methods in Computational Fluid Dynamics}},
    publisher = {},
    volume = {17},
    number = {2},
    pages = {151--168},
    year = {2003},
   }
@incollection{kevlahan-vasilyev-goldstein-jay:2003,
    author = {Kevlahan, N.~K.-R. and Vasilyev, O.~V. and Goldstein, D.~E. and Jay, A. \},
    title = {A three-dimensional  adaptive wavelet method for fluid-structure interaction},
    booktitle = {Proceedings of Direct and Large-Eddy Simulation Workshop 5},
    publisher = {Technical University of Munich, Germany},
    year = {2003},
   }
@article{goldstein-vasilyev-kevlahan:2003,
   author = {Goldstein, D.~A. and Vasilyev, O.~V. and Kevlahan, N.K.-R.},
   title = {Feasibility Study of an Adaptive Large Eddy Simulation Method},
   journal = {AIAA Paper 2003-3551},
   pages = {},
   year = {2003},
  }
%
%--------------------------------------------- 2004 ---------------------------------------------------
%
@article{morinishi-vasilyev-ogi:2004,
    author = {Morinishi, Y. and Vasilyev, O. V. and Ogi, T.},
    title = {Fully Conservative Finite Difference Scheme in Cylindrical Coordinates for Incompressible Flow Simulations},
    journal = {J. Comp. Phys.},
    publisher = {},
    volume = {197},
    number = {2},
    pages = {686--710},
    year = {2004},
   }

@article {vasilyev-goldstein:2004,
   author = {Vasilyev, O.~V. and Goldstein, D.~A.},
   title = {Local Spectrum of Commutation Error in Large Eddy Simulations},
   journal = {Phys. Fluids},
   volume = {16},
   number = {2},
   pages = {470-473},
   year = {2004},
  }
@article{yuen-erlebacher-vasilyev-goldstein-fuentes:2004,
    author = {Yuen, D.~A. and Erlebacher, G. and Vasilyev, O.~V. and Goldstein, D.~E. and Fuentes, M.},
    title = {Role of Wavelets in the Physical and Statistical Modelling of Complex Geological Processes},
    journal = {Pure and Appl. Geoph.},
    volume = {161},
    pages = {2231--2244},
    year = {2004},
   }
@article{destefano-vasilyev:2004,
    author = {De Stefano, G. and Vasilyev, O.~V.},
    title = {Perfect Modeling Framework for Dynamic {SGS} Model Testing in Large Eddy Simulation},
    journal = {Theor. Comp. Fluid Dyn.},
    volume = {18},
    number = {1},
    pages = {27--41},
    year = {2004},
    }
@article {goldstein-vasilyev:2004,
   author = {Goldstein, D.~E. and Vasilyev, O.~V.},
   title = {Stochastic Coherent Adaptive Large Eddy Simulation Method},
   journal = {Phys. Fluids},
   volume = {16},
   number = {7},
   pages = {2497--2513},
   year = {2004},
  }
@article{vasilyev-gerya-yuen:2004,
    author = {Vasilyev, O.~V. and Gerya, T.~V. and Yuen, D.A.},
    title = {The Application of Multidimensional Wavelets to Unveiling Multi-Phase Diagrams and in Situ Rock Physical Properties},
    journal = {Earth and Planetary Science Letters                 },
    volume = {223},
    number = {1-2},
    pages = {49--64},
    year = {2004},
   }

@incollection {goldstein-vasilyev-kevlahan:2004,
   author = {Goldstein, D.~E. and Vasilyev, O.~V. and Kevlahan, N.~K.-R. },
   title = {Adaptive {LES} of {3D} decaying isotropic turbulence},
   booktitle = { Proceedings of the 2004 Summer Program},
   publisher = {Center for Turbulence Research},
   pages = {111-122},
   year = {2004},
  }

@incollection {moureau-vasilyev-etal:2004,
   author = {Moureau, V.~R. and Vasilyev, O.~V. and Angelberger, C. and Poinsot, T.~J.},
   title = {Commutation errors in Large Eddy Simulation on moving grids, Application to piston engines flows},
   booktitle = { Proceedings of the 2004 Summer Program},
   publisher = {Center for Turbulence Research},
   pages = {157-168},
   year = {2004},
  }

@inproceedings{lagumbay-vasilyev:2004,
  author =   {R. S. Lagumbay and O. V. Vasilyev and A. Haselbacher and J. Wang},
  title =    {Numerical Simulation of a High Pressure Supersonic Multiphase Jet Flow Through a Gaseous Media},
  booktitle = {Proceedings of the 16th International Mechanical Engineering Congress and Exposition},
  volume ={3, IMECE2004-61008},
  organization = {ASME},
  year =     {2004},
}

%
%--------------------------------------------- 2005 --------------------------------------------------------
%

@article{destefano-goldstein-vasilyev:2005,
    author = {De Stefano, G. and Goldstein, D.~E. and Vasilyev, O.~V.},
    title = {On the role of sub-grid scale coherent modes in large eddy simulation},
    journal = {Journal of Fluid Mechanics},
    volume = {525},
    pages = {263--274},
    year = {2005},
}

@article{kevlahan-vasilyev:2005,
    author = {Kevlahan, N.~K.-R. and Vasilyev, O.~V.},
    title = {An adaptive wavelet collocation method for fluid-structure interaction at high {R}eynolds numbers},
    journal = {SIAM J. Sc. Comp.},
    volume = {26},
    number = {6},
    pages = {1894--1915},
    year = {2005},
   }

@article{vasilyev-kevlahan:2005,
    author =   {O. V. Vasilyev and N. K.-R. Kevlahan},
    title =    {An adaptive multilevel wavelet collocation method for elliptic problems},
    journal = {J. Comp. Phys.},
    volume = {206},
    number = {2},
    pages = {412--431},
    year =  {2005},
}

@article{destefano-vasilyev-goldstein:2005,
    author = {De Stefano, G. and Vasilyev, O.~V. and Goldstein, D.~E. },
    title = {A-priori dynamic test for deterministic/stochastic modeling in large-eddy simulation of turbulent flow},
    journal = {Computer Physics Communications},
    volume = {169},
    pages = {210--213},
    year = {2005},
}

@article{goldstein-vasilyev-kevlahan:2005,
  author =   {Goldstein, D.E. and  Vasilyev, O.V. and Kevlahan, N.K.-R.},
  title =    {{CVS} and {SCALES} simulation of {3D} isotropic turbulences},
  journal =     {J. of Turbulence},
  volume = {6},
  number = {37},
  pages = {1--20},
  year = {2005},
}

@inproceedings{destefano-goldstein-vasilyev-kevlahan:2005,
    author = {G. {De Stefano} and D.~E. Goldstein and O.~V. Vasilyev and N.~K.-R. Kevlahan},
    title = {Towards Lagrangian dynamic SGS model for SCALES of isotropic turbulence},
    booktitle = {Proceedings of the Ercoftac Workshop {D-LES 6}, Poitiers, France},
    volume ={},
    pages ={--},
    organization = {Edited by , Springer},
    year = {2005},
   }


@inproceedings{lagumbay-vasilyev:2005,
  author =   {R. S. Lagumbay and O. V. Vasilyev and A. Haselbacher and J. Wang},
  title =    {Numerical Simulation of a Supersonic Three-Phase Cavitating Jet Flow Through a Gaseous Medium in Injection Nozzle},
  booktitle = {Proceedings of 2005 ASME International Mechanical Engineering Congress and Exposition},
  volume ={IMECE2005-82948},
  organization = {ASME},
  year =     {2005},
}

%
%--------------------------------------------- 2006 --------------------------------------------------------
%

@article{alam-kevlahan-vasilyev:2006,
  author =   {Alam, J.M. and Kevlahan, N.K.-R. and O. V. Vasilyev},
  title =    {Simultaneous space--time adaptive wavelet solution of nonlinear partial differential equations},
  journal =     {J. Comp. Phys.},
  volume = {214},
  number = {2},
  pages = {829--857},
  year =     {2006},
}

@article{kevlahan-alam-vasilyev:2006,
  author =   {Kevlahan, N. K.-R. and Alam, J. M. and O. V. Vasilyev},
  title =    {Scaling of space-time modes with {R}eynolds number in two-dimensional turbulence},
  journal =  {Journal of Fluid Mechanics},
  volume = {570},
  pages = {217--226},
  year =     {2006},
}


@article{liu-vasilyev:2006,
    author = {Q Liu and O. V. Vasilyev},
    title = {Hybrid Adaptive Wavelet Collocation -- {B}rinkman Penalization Method
for Unsteady RANS Simulations of Compressible Flow around Bluff
Bodies},
    journal = {AIAA Paper No. 2006-3206},
    year = {2006},
   }

@incollection {vasilyev-goldstein-destefano-bodony-you-shunn:2006,
   author = {Vasilyev, O.~V. and Goldstein, D.~E. and De Stefano, G. and Bodony, D. and You, D. and Shunn, L.},
   title = {Assessment of local dynamic subgrid-scale models for Stochastic Coherent Adaptive Large Eddy Simulation},
   booktitle = {Proceedings of the 2006 Summer Program},
   publisher = {Center for Turbulence Research},
   pages = {139--150},
   year = {2006},
  }

@incollection {sakakibara-vasilyev:2006,
   author = { Sakakibara, S. and Vasilyev, O.~V.},
   title = {Construction of Triangular Biorthogonal Wavelet Filters for Isotropic Image Processing},
   booktitle = {Proceedings of 14th European Signal Processing Conference},
   publisher = {Florence, Italy},
   year = {2006},
  }


%
%--------------------------------------------- 2007 --------------------------------------------------------
%

@article{kassoy-regele-vasilyev:2007,
    author = {Kassoy, D. and Regele, J. and Vasilyev, O. V.},
    title = {Detonation Initiation on the Microsecond Time Scale: Comparative One and Two Dimensional DDT Results Obtained from Adaptive Wavelet-Collocation Numerical Methods},
    journal = {AIAA Paper No. 2007-986},
    year = {2007},
   }

@article{liu-vasilyev:2007,
  author =   {Q. Liu and O. V. Vasilyev},
  title =    {A {B}rinkman Penalization Method for Compressible Flows in Complex Geometries},
  journal =  {J. Comp. Phys.},
  volume = {227},
  number = {2},
  pages = {946--966},
  year =     {2007},
}

%
%--------------------------------------------- 2008 --------------------------------------------------------
%

@article{regele-kassoy-vasilyev:2008,
    author = {Regele, J. and Kassoy, D. and Vasilyev, O. V.},
    title = {Numerical Modeling of Acoustic Timescale Detonation Initiation},
    journal = {AIAA Paper No. 2008-1037},
    year = {2008},
   }

@article{vasilyev-destefano-goldstein-kevlahan:2008,
  author =   {Vasilyev, O.V. and De Stefano, G. and  Goldstein, D.E. and  Kevlahan, N.K.-R.},
  title =    {Lagrangian dynamic SGS model for Stochastic Coherent Adaptive Large Eddy Simulation},
  journal =  {J. of Turbulence},
  volume = {9},
  number = {11},
  pages = {1--14},
  year = {2008},
}

@article{destefano-vasilyev-goldstein:2008,
  author =   {De Stefano, G. and  Vasilyev, O.V. and Goldstein, D.E. },
  title =    {Localized Dynamic Kinetic Energy-based Models for Stochastic Coherent Adaptive Large Eddy Simulation},
  journal =  {{\em To appear in} Phys. Fluids},
  year = {2008},
}
%
%--------------------------------------------- Submitted ---------------------------------------------------
%

@article{regele-vasilyev:2008,
  author =   {J. D. Regele and O. V. Vasilyev},
  title =    {An Adaptive Wavelet-Collocation Method for Shock Computations},
  journal =  {{\em Submitted to} Multiscale Modeling and Simulation},
  year =     {2008},
}


@article{liu-vasilyev:2008,
  author =   {Q. Liu and O. V. Vasilyev},
  title =    {Nonreflecting Boundary Conditions Based on Nonlinear Multidimensional Characteristics},
  journal =  {{\em Submitted to} J. Comp. Phys.},
  year =     {2008},
}

@article{lagumbay-vasilyev:2008,
  author =   {R. S. Lagumbay and O. V. Vasilyev and A. Haselbacher},
  title =    {Modeling and Simulation of Multi-Phase/Multi-Component Flows},
  journal =  {{\em Submitted to} Int. J. Num. Meth. in Fluids},
  year =     {2008},
}
