%
%       BIBLIOGRAPHY OF WAVELET IN ODES AND PDES
%
%                         Qianlong Liu   OCT. 31, 2005


@article{,
    author = {},
    title = {},
    journal = {},
    publisher = {},
    volume = {},
    pages = {},
    year = {},
   }

@article{thompson-warsi-mastin:1982,
    author = {J. F. Thompson and Z. U. A. Warsi and C. W. Mastin},
    title = {Boundary fitted coordinate systems for numerical
    solution of partial differential equations -- A review },
    journal = {J. Comput. Phys.},
    publisher = {},
    volume = {47},
    pages = {1-108},
    year = {1982},
   }

@article{mavriplis:1990,
    author = {D. J. Mavriplis},
    title = {Accurate multigrid solution of the Euler equations
    on unstructured and adaptive meshes },
    journal = {AIAA Journal},
    publisher = {},
    volume = {28},
    pages = {213-221},
    year = {1990},
   }

@article{peskin:2002,
    author = {C. S. Peskin},
    title = {The immersed boundary method},
    journal = {Acta Numerica},
    publisher = {Cambridge University Press},
    volume = {},
    pages = {479-517},
    year = {2002},
   }

@article{mittal-iaccarino:2002,
    author = {R. Mittal and G. Iaccarino},
    title = {Immersed boundary methods},
    journal = {Annu. Rev. Fluid Mech.},
    publisher = {},
    volume = {37},
    pages = {239-261},
    year = {2005},
   }

@article{peskin:1972,
    author = {C. S. Peskin},
    title = {Flow patterns around heart valves: a digital computer
    method for solving the equations of motion },
    journal = {Ph.D. Thesis, Albert Einstein College of Medicine, 1972},
    publisher = {},
    volume = {},
    pages = {},
    year = {1972},
   }

@article{goldstein-handler-sirovich:1993,
    author = {D. Goldstein and R. Handler and L. Sirovich},
    title = {Modeling a no-slip flow boundary with an external force field},
    journal = {J. Comput. Phys.},
    publisher = {},
    volume = {105},
    pages = {354-366},
    year = {1993},
   }

@article{saiki-biringen:1996,
    author = {E. M. Saiki and S. Biringen},
    title = {Numerical simulation of a cylinder in uniform flow:
    application of a virtual boundary method},
    journal = {J. Comput. Phys.},
    publisher = {},
    volume = {123},
    pages = {450-465},
    year = {1996},
   }

@article{lai-peskin:2000,
    author = {M. C. Lai and C. S. Peskin},
    title = {An immersed boundary method with formal second order accuracy
    and reduced numerical viscosity},
    journal = {J. Comput. Phys.},
    publisher = {},
    volume = {160},
    pages = {705-719},
    year = {2000},
   }

@article{purvis-burkhalter:1979,
    author = {J. W. Purvis and J. E. Burkhalter},
    title = {Prediction of critical mach number for
    store configurations},
    journal = {AIAA Journal},
    publisher = {},
    volume = {17(11)},
    pages = {1170-1177},
    year = {1979},
   }

@article{clarke-salas-hassan:1986,
    author = {D. K. Clarke and M. D. Salas and H. A. Hassen},
    title = {Euler calculations for multielement airfoils
    using cartesian grids},
    journal = {AIAA Journal},
    publisher = {},
    volume = {24(3)},
    pages = {353-358},
    year = {1986},
   }

@article{zeeuw-powell:1993,
    author = {D. D. Zeeuw and K. G. Powell},
    title = {An adaptively refined cartesian mesh solver for the
    Euler equations},
    journal = {J. Comput. Phys.},
    publisher = {},
    volume = {104},
    pages = {56-68},
    year = {1993},
   }

@article{berger-aftosmis:1998,
    author = {M. J. Berger and M. J. Aftosmis},
    title = {Aspects (and aspect ratios) of cartesian mesh methods},
    journal = {Proc. 16th Int. Conf. Numer. Methods Fluid Dyn.},
    publisher = {},
    volume = {},
    pages = {},
    year = {1998},
   }

@article{tseng-ferziger:2003,
    author = {Y. H. Tseng and J. H. Ferziger},
    title = {A ghost-cell immersed boundary method for flow
    in complex geometry},
    journal = {J. Comput. Phys.},
    publisher = {},
    volume = {192},
    pages = {593-623},
    year = {2003},
   }

@Article{arquis-caltagirone:1984,
  author       = "E. Arquis and J. P. Caltagirone",
  title        = "Sur les conditions hydrodynamiques au voisinage
          d'une interface milieu fluide - milieu poreux :
          application \`a la convection naturelle",
  journal      = "C. R. Acad. Sci. Paris II",
  volume       = "299",
  pages        = "1--4",
  year         = "1984",
}

@Article{angot-bruneau-fabrie:1999,
  author       = "P. Angot and C.-H. Bruneau and P. Fabrie",
  title        = "A penalization method to take into account obstacles
                  in viscous flows",
  journal      = "Numerische Mathematik",
  volume       = "81",
  pages        = "497-520",
  year         = "1999",
}

@Article{angot:1999,
  author       = "P. Angot",
  title        = "Analysis of singular perturbations on the Brinkman problem
                 for fictitious domain models of viscous flows",
  journal      = "Mathematical Methods in the Applied Science",
  volume       = "22",
  pages        = "1395--1412",
  year         = "1999",
}

@Article{khadra-angot-parneix-caltagirone:2000,
    author = {Khadra, K. and Angot, P. and Parneix, S. and
          Caltagirone, J. P.},
    title = {Fictitious domain approach for numerical modelling of
    Navier-Stokes equations},
    journal = {Int. J. Num. Meth. Fluids},
    publisher = {},
    volume = {34},
    pages = {651--684 },
    year = {2000},
   }

@article{ghias-mittal-lund:2004,
    author = {R. Ghias and R. Mittal and T. S. Lund},
    title = {A non-body conformal grid method for simulation of
    compressible flows with complex immersed boundaries},
    journal = {AIAA Paper No. 2004-0080},
    publisher = {},
    volume = {},
    pages = {},
    year = {2004},
   }

@article{chung:1995,
    author = {C. Chung},
    title = {Wave propagation and scattering in computational aeroacoustics},
    journal = {Ph.D. dissertation, Dept. of Aerospace Engineering,
    Pennsylvania State University, University Park, PA, 1995},
    publisher = {},
    volume = {},
    pages = {},
    year = {1995},
   }

@article{chung-morris:1998,
    author = {C. Chung and P. J. Morris},
    title = {Acoustic scattering from two- and three-dimensional bodies},
    journal = {Journal of Computational Acoustics},
    publisher = {},
    volume = {6},
    pages = {357-375},
    year = {1998},
   }

@article{laik-morris:2000,
    author = {O. A. Laik and P. J. Morris},
    title = {Direct simulation of acoustic scattering by two-
    and three-dimensional bodies},
    journal = {Journal of Aircraft},
    publisher = {},
    volume = {37},
    pages = {68-75},
    year = {2000},
   }

@article{agarwal-morris:2000,
    author = {A. Agarwal and P. J. Morris},
    title = {Direct simulation of acoustic scattering by a rotorcraft fuselage},
    journal = {AIAA Paper No. 2000-2030},
    publisher = {},
    volume = {},
    pages = {},
    year = {2000},
   }

@article{cohen-ooi-iaccarino:2006,
    author = {R. Cohen and A. Ooi and G. Iaccarono},
    title = {Towards the application of the impedance mismatch method
    to the expansion about incompressible flow acoustic equations},
    journal = {Proceedings of the summer program 2006, Center for Turbulence Research},
    publisher = {},
    volume = {},
    pages = {},
    year = {2006},
   }

@article{vafai-tien:1981,
    author = {K. Vafai and C. L. Tien},
    title = {Boundary and inertia effects on flow and heat transfer
    in porous media},
    journal = {Int. J. Heat Mass Transfer},
    publisher = {},
    volume = {24},
    pages = {195-203},
    year = {1981},
   }

@BOOK{nield-bejan:1999,
  AUTHOR= {D. A. Nield and A. Bejan},
  TITLE= {Convection in Porous Media, 2nd ed.},
  PUBLISHER= {Springer},
  ADDRESS= {},
  YEAR= {1999}
}

@BOOK{phillips:1991,
  AUTHOR= {O. M. Phillips},
  TITLE= {Flow and Reactions in Permeable Rocks},
  PUBLISHER= {Cambridge University Press},
  ADDRESS= {},
  YEAR= {1991}
}

@BOOK{kaviany:1991,
  AUTHOR= {M. Kaviany},
  TITLE= {Principles of Heat Transfer in Porous Media},
  PUBLISHER= {Springer-Verlag},
  ADDRESS= {},
  YEAR= {1991}
}

@article{darcy:1856,
    author = {H. P. G. Darcy},
    title = {Les Fontaines Publiques de la Ville de Dijon},
    journal = {Victor Dalmont, Paris, 1856},
    publisher = {},
    volume = {},
    pages = {},
    year = {1856},
   }

@article{brinkman:1947a,
    author = {H. C. Brinkman},
    title = {A calculation of the viscous force exerted by a flowing
    fluid on a dense swarm of particles},
    journal = {Appl. Sci. Res.},
    publisher = {},
    volume = {A1},
    pages = {27-34},
    year = {1947},
   }

@article{brinkman:1947b,
    author = {H. C. Brinkman},
    title = {On the permeability of media consisting of closely
    packed porous particles},
    journal = {Appl. Sci. Res.},
    publisher = {},
    volume = {A1},
    pages = {81-86},
    year = {1947},
   }

@article{wooding:1957,
    author = {R. A. Wooding},
    title = {Steady state free thermal convection of liquid in a
    saturated permeable medium},
    journal = {J. Fluid Mech.},
    publisher = {},
    volume = {2},
    pages = {273-285},
    year = {1957},
   }

@article{hsu-cheng:1990,
    author = {C. T. Hsu and P. Cheng},
    title = {Thermal dispersion in a porous medium},
    journal = {Int. J. Heat Mass Transfer},
    publisher = {},
    volume = {33},
    pages = {1587-1597},
    year = {1990},
   }

@article{beck:1972,
    author = {J. L. Beck},
    title = {Convection in a box of porous material saturated with
    fluid},
    journal = {Phys. Fluids},
    publisher = {},
    volume = {15},
    pages = {1377-1383},
    year = {1972},
   }

@BOOK{blackstock:2000,
  AUTHOR= {D. T. Blackstock},
  TITLE= {Fundamentals of Physical Acoustics},
  PUBLISHER= {John Willey and Sons, Inc.},
  ADDRESS= {},
  YEAR= {2000}
}

@BOOK{greenberg:1998,
  AUTHOR= {M. D. Greenberg},
  TITLE= {Advanced Engineering Mathematics},
  PUBLISHER= {Prentice Hall, Inc.},
  ADDRESS= {},
  YEAR= {1998}
}


@BOOK{laney:1998,
  AUTHOR= {C.B. Laney},
  TITLE= {Computational Gasdynamics},
  PUBLISHER= {Cambridge University Press},
  ADDRESS= {},
  YEAR= {1998}
}

@book{workshop:1997,
    title = {Second Computational Aeroacoustics ({CAA})
    Workshop on Benchmark Problems},
    publisher = {NASA Conference Publication 3352},
    location = {Langley Research Center, Hampton, VA},
    editor = {C. K. W. Tam and J. C. Hardin},
    year = {1997},
   }

@article{tam:2005,
    author = {C. K. W. Tam},
    title = {Derivation of an Exact Solution for the Scattering of
    an Acoustic Pulse by a Circular Cylinder},
    journal = {Private communication},
    publisher = {},
    volume = {},
    pages = {},
    year = {2005},
   }

@article{freund:1997,
    author = {J. B. Freund},
    title = {Proposed inflow/outflow boundary condition for direct computation
    of aerodynamic sound},
    journal = {AIAA J.,},
    publisher = {},
    volume = {35},
    pages = {740--742},
    year = {1997},
   }

@article{edwards-tuckerman-friesner-sorensen:1994,
    author = {W. S. Edwards and  L. S. Tuckerman and R. A. Friesner and D. C. Sorensen},
    title = {Krylov methods for the incompressible Navier--Stokes equations},
    journal = {J. Comp. Phys.},
    publisher = {},
    volume = {110},
    pages = {82--102},
    year = {1994},
   }

%TTTT
%UUUU
%VVVV
%WWWW
%XXXX
%YYYY
%ZZZZ
