%
%       BIBLIOGRAPHY OF WAVELET IN ODES AND PDES
%
%                         OLEG V. VASILYEV

@article{,
    author = {},
    title = {},
    journal = {},
    publisher = {},
    volume = {},
    pages = {},
    year = {},
   }
%AAAA
@article{aharonov-spiegelman-kelemen:1997,
    author = {Aharonov, E. and Spiegelman, M. and P.  Kelemen},
    title = {Three  dimensional flow  and  reaction in porous media: Implications for the Earth's mantle and sedimentary  basins},
    journal = {J.  Geophys.Res.},
    volume = {102},
    pages = {14821--14833},
    year = {1997},
   }
@article{aharonov-tenthorey-scholz:1998,
    author = {Aharonov, E. and Tenthorey, E.  and  C.  H.  Scholz},
    title = {Precipitation sealing and diagenesis {2.} Theoretical Analysis},
    journal = {J. Geophys. Res.},
    volume = {103},
    pages = {23969--23981},
    year = {1998},
   }
@article{aharonson-zuber-rothman:2001,
  author = {Aharonson, O. and Zuber, M. T. and Rothman, D. H.},
  title = {Statistics of Mars' Topography from the Mars Orbiter Laser
         Altimeter: Slopes, Correlations, and Physical Models},
  journal = {J. Geophys. Res.},
  volume = {106},
  pages = {23723--23735},
 year = {2001},
}
@article{alexandrescu-gibert-hulot-le-mouel-saracco:1995,
    author = {Alexandrescu, M. and Gibert, D. and Hulot, G. and {Le Mouel}, J.-L. and  G. Saracco},
    title = {Detection  of geomagnetic jerks using wavelet analysis},
    journal = {J. Geophys. Res.},
    publisher = {},
    volume = {100},
    pages = {12557--12572},
    year = {1995},
   }
@article{aniya-sato-naruse-skvarca-casassa:1996,
   author = {Aniya, M. and Sato, H. and Naruse, R. and Skvarca, P. and
       Casassa, G.},
   title = {The use of satellite and airborne imagery to
        inventory outlet glaciers of the Southern Patagonian Icefield,
        South America},
   journal = {Photogramm. Eng. Remote Sens.},
   volume = {62},
   pages = {1361-1369},
   year = {1996},
}
@article{asimow-ghiorso:1998,
    author = {Asimow,  P. D. and Ghiorso, M. S.},
    title = {Algorithmic Modifications Extending {MELTS} to Calculate Subsolidus Phase Relations},
    journal = {GAmerican Mineralogist},
    volume = {83},
    pages = {1127--1131},
    year = {1998},
   }
@article{audet-fowler:1992,
    author = {Audet, D.M. and A.C. Fowler},
    title = {A mathematical model for  compaction in sedimentary basins},
    journal = {Geophys. J. Int.},
    volume = {110},
    pages = {577--590},
    year = {1992},
   }
%BBBB
@article{balachandar-yuen-reuteler:1993,
    author = {Balachandar,  S. and   Yuen,  D. A.  and  D.  Reuteler},
    title = {Viscous  and adiabatic   heating  effects  in  three-dimensional  compressible convection at infinite Prandtl  number},
    journal = {Phys.  Fluids, A},
    publisher = {},
    volume = {5},
    number = {11},
    pages = { 2938--2945},
    year = {1993},
   }
@article{balachandar-yuen-reuteler:1995,
    author = {Balachandar, S. and Yuen, D. A. and  D.  Reuteler},
    title = {Localization  of Toroidal  motion  and  shear  heating  in 3D high {Rayleigh} number convection with temperature-dependent  viscosity},
    journal = {Geophys.  Res. Let.},
    publisher = {},
    volume = {22},
    pages = {477-480},
    year = {1995},
   }
@article{balachandar-yuen-reuteler-lauer:1995,
    author = {Balachandar, S. and Yuen, D. A. and  D. Reuteler and G. Lauer},
    title = {Viscous dissipation  in  three  dimensional  convection with temperature-dependent viscosity},
    journal = {Science},
    publisher = {},
    volume = {267},
    pages = {1150--1153},
    year = {1995},
   }

@article{balachandar:1998,
  author = {Balachandar, S.},
  title = {Eigendecomposition of the two-point  correlation
     tensor   for   optimal  characterization  of  mantle  convection},
  journal = {Geophys. J. Int.},
  volume = {132},
  pages = {111--127},
  year = {1998},
}

@article{barboza-bergantz:1997,
  author = {Barboza, S. A. and Bergantz, G. W. },
  title = {Melt productivity and rheology: Complementary influences on the progress of melting},
  journal = {Numerical Heat Transfer, Part A },
  volume = {31},
  pages = {375--392},
  year = {1997},
}
@article{ben-zion-dahmen-lyakhovsky-ertas-agnon:1999,
    author = {Ben-Zion, Y. and  Dahmen,  K. and  Lyakhovsky,  V. and Ertas,  D.  and  A. Agnon},
    title = {Self-driven  mode  switching  of  earthquake  activity on a fault system},
    journal = {Earth And  Planetary  Science  Lett.},
    volume = {172},
    pages = {11--21},
    year = {1999},
}
@article{ben-zion-rice:1995,
    author = {Ben-Zion, Y. and Rice, J. R.},
    title = {Slip  patterns  and   earthquake populations  along different classes of faults in elastic solids},
    journal = {J. Geophys. Res.},
    publisher = {},
    volume = {100},
    number = {12},
    pages = {12,959--12,983},
    year = {1995},
}

@article{bercovici:1994,
    author = {Bercovici, D.},
    title = {A theoretical model of cooling viscous gravity currents with temperature-dependent viscosity},
    journal = {Geophys.  Res. Lett.},
    publisher = {},
    volume = {21},
    pages = {1177--1180},
    year = {1994},
   }
@article{bercovici:1998,
    author = {Bercovici, D.},
    title = {Generation of plate  tectonics  from  lithosphere-mantle  flow  and  void-volatile  self-lubrication},
    journal = {Earth Planet. Sci. Lett.},
    volume = {154},
    pages = {139--151},
    year = {1998},
}@article{bercovici-mahoney:1994,
    author = {Bercovici, D. and J. Mahoney},
    title = {Double flood basalts and plume head separation at the 660-kilometer discontinuity},
    journal = {Science},
    publisher = {},
    volume = {266},
    pages = {1367--1369},
    year = { 1994},
   }
@article{bercovici-lin:1996,
    author = {Bercovici, D. and J. Lin},
    title = {A gravity-current model of cooling mantle plume-heads with temperature-dependent buoyancy and viscosity},
    journal = {J. Geophys. Res.},
    publisher = {},
    volume = {101},
    pages = {3291--3309},
    year = {1996},
   }
@article{bergantz-breidenthal:2001,
    author = {Bergantz, G. W. and Breidenthal, R. E.},
    title = { Non-stationary entrainment
    and tunneling eruptions: A dynamic link between eruption processes
    and magma mixing},
    journal = {Geophys. Res. Lett.},
    publisher = {},
    volume = {28},
    number = {},
    pages = {3075--3078},
    year = {2001},
    url = {},
   }
@article{bergeron-vincent-yuen-tranchant-tchong:1999,
    author = {Bergeron, S. Y. and Vincent, A. P. and  Yuen, D. A. and  Tranchant, B. J. S.  and C. Tchong},
    title = {Viewing seismic velocity anomalies with 3-D Continuous {G}aussian wavelets},
    journal = {Geophys. Res. Lett.},
    publisher = {},
    volume = {26},
    number = {15},
    pages = {2311--2314},
    year = {1999},
   }
@article{bergeron-yuen-vincent:2000,
    author = {Bergeron, S.Y. and Yuen, D.A. and A.P. Vincent},
    title = {Capabilities of 3-D wavelet transforms to detect plume-like  structures from
        seismic tomography harmonics},
    journal = {Geophys. ERs., Lett.},
    publisher = {},
    volume = {27},
    number = {},
    pages = {3433--3436},
    year = {2000},
}
@article{bergeron-yuen-vincent:2000a,
    author = {Bergeron , S. Y. and  Yuen, D. A.},
    title = {Capabilities of 3-D wavelet  transforms},
    journal = {Geophys. Res. Lett.},
    publisher = {},
    volume = {27},
    pages = {3433--3436},
    year = {2000},
   }
@article{bergeron-yuen-vincent:2000b,
    author = {Bergeron , S. Y. and  Yuen, D. A. and A. P. Vincent},
    title = {Looking at the inside of  the  Earth  with  3-D  wavelets:  A  new  pair of glasses for geoscientists},
    journal = {Electronic Geosciences},
    publisher = {},
    volume = {5},
    number ={3},
    pages = {},
    year = {2000},
   }

@article{berman:1988,
    author = {R.~G. Berman},
    title = {Internally-consistent thermodynamic data for minerals in the system {Na2O-K2O-CaO-MgO-FeO-Fe2O3-Al2O3-SiO2-TiO2-H2O-CO2}},
    journal = {J. Petrology},
    publisher = {},
    volume = {29},
    pages = {445-522},
    year = {1988},
   }

@article{bittner-schmeling:1995,
    author = {D. Bittner and H. Schmeling},
    title = {Numerical modeling of melting processes and induced diapirism in the lower crust},
    journal = {Geoph. J. Inter.},
    publisher = {},
    volume = {123},
    pages = {59--70},
    year = {1995},
   }

@article{bjornsson-johnsen-sigurdsson-thorbergsson-tryggvason:1979,
    author = {Bjornsson, A. and Johnsen, G. and Sigurdsson, S. and Thorbergsson, G. and E. Tryggvason},
    title = {Rifting of the plate boundary in {North} {Iceland}},
    journal = {J. Geophys. Res.},
    publisher = {},
    volume = {84},
    pages = {3029--3038},
    year = {1979},
   }
@article{boschi-dziewonski:1999,
    author = {Boschi, L. and A. M. Dziewonski},
    title = {``High'' and ``low''  resolution images   of  the  Earth's  mantle  -  Implications  of  different approaches  to  tomographic  modeling},
    journal = {J.  Geophys.  Res.},
    volume = {104},
    pages = {25567--25594},
    year = {1999},
   }
@article{bousquet-goe-henry-pichon-chopin-KTP:1997,
  author = {Bousquet, R.  and B. Goe and P. Henry and
     X. Le Pichon and C. Chopin},
  title = {Kinematic, thermal and petrological model of
    the Central Alps: Lepontine metamorphism in the uppercrust
    and eclogitisation of the lower crust},
  journal = {Tectonophysics},
  volume = {273},
  year = {1997},
  pages = {105--127}
}

@article{brandlund-kameyama-yuen-kaneda:2000,
    author = {Brandlund, J. and Kameyama, M. C. and Yuen, D. A. and Y. Kaneda},
    title = {Effects of temperature-dependent thermal diffusivity on shear
instability in a viscoelastic zone: implications for faster
ductile faulting and earthquakes in the spinel stability field},
    journal = {Earth Planet. Sci. Lett.},
    publisher = {},
    volume = {182},
    pages = {171--185},
    year = {2000},
   }
@article{braun-sambridge:1994,
    author = {Braun, J. and Sambridge, M.},
    title = {Dynamical {Lagrangian} Remeshing ({DLR}) - A new algorithm for solving large strain deformation problems and its application to fault-propagation folding},
    journal = {Earth Planet. Sci. Lett.},
    publisher = {},
    volume = {124},
    pages = {211--220},
    year = {1994},
   }
@article{brown-brown-carlson:1999,
    author = {M.~A. Brown and M. Brown and W.~D. Carlson},
    title = {Denison C Topology of syntectonic melt-flow networks in the deep crust: Inferences from three-dimensional images of leucosome geometry in migmatites},
    journal = {American Mineralogist},
    publisher = {},
    volume = {84},
    pages = {1793--1818},
    year = {1999},
   }

@article{braun-chery-poliakov-etal-SPSL:1999,
  author = {Braun, J. and Chery, J. and Poliakov, A. N. B. and
    D. Mainprice and A. Vauchez and A. Tommasi and M. Daignieres},
  title = {A Simple parameterization of strain localizatoin in the ductile
       regime due to grain size reductoin: A case study for olivine},
  journal = {Journal of Geophysical Research},
  volume = {104},
  number = {B11},
  pages = {25167--25181},
  year = {1999},
}

@article{bunge-richards-baumgardner:1996,
    author = {Bunge, H. P. and Richards, M. A. and J. R. Baumgardner},
    title = {Effect of depth-dependent viscosity on the platform of mantle convection},
    journal = {Nature},
    publisher = {},
    volume = {379},
    pages = {436--438},
    year = {1996},
   }
%CCCC
@article{cahn-hilliard:1957,
    author = {Cahn, J.W. and J.E. Hilliard},
    title = {Free energy of a nonuniform  system I. Interfacial free energy},
    journal = {J. Chem. Phys.},
    volume = {28},
    pages = {258--267},
    year = {1957},
   }

@article{camussi-guj:1998,
    author = {Camussi, C. R. and Guj, G.},
    title = {Orthonomral wavelet decomposition of turbulent flows:
        intermittency and coherent structures},
    journal = {J. Fluid Mech.},
    publisher = {},
    volume = {348},
    number = {},
    pages = {177--199},
    year = {1998},
}

@article{capitani-brown-CCECS:1987,
  author = {de Capitani, C. and T. H. Brown},
  title = {The computation of chemical equilibrium in
     complex systems containing non-ideal solid solutions},
  journal = {Geochim. Cosmochim. Acta},
  volume = {51},
  year = {1987},
  pages = {2639--2652},
}


@article{castaing-gunaratne-heslot-kadanoff-libchaber-thomae-wu-zaleski-zanetti:1989,
    author = {Castaing, B. and Gunaratne, G. and Heslot, F. and
      Kadanoff, L. and  Libchaber, A. and  Thomae, S. and
      Wu, X.Z. and Zaleski, S and and Zanetti},
    title = {Scaling of hard thermal turbulence in Rayleigh-Benard convection},
    journal = {J. Fluid Mech.},
    publisher = {},
    volume = {204},
    number = {},
    pages = {1--30},
    year = {1989},
}

@article{chahlaoui-gallivan-vandooren:2002,
    author = {Chahlaoui, Y. and Gallivan, K. and Van Dooren, P.},
    title = {Recursive calculation of dominant singular subspaces},
    journal = {{\em submitted to} SIAM Journal on Matrix Analysis and Applications},
    publisher = {},
    volume = {},
    number = {},
    pages = {},
    year = {2002},
}

@article{chao-naito:1995,
    author = {B.-F. Chao and I. Naito},
    title = {Wavelet Analysis provides a new tool for studying Earth's rotation},
    journal = {EOS, Transactions, American Geophys. Union},
    publisher = {},
    volume = {16},
    number = {},
    pages = {161--165},
    year = {1995},
   }
@article{chery-bonneville-vilotte-yuen:1991,
    author = {Chery, J. and Bonneville, A. and  Vilotte, J. P. and Yuen, D. A.},
    title = {Numerical modelling of caldera dynamical behavior},
    journal = {Geophys. J. Int.},
    publisher = {},
    volume = {105},
    pages = {365--379},
    year = {1991},
   }

@article{chiao-kuo:2001,
  author = {Chiao, L.-Y. and  Kuo, B.-Y.},
  title = {Multiscale seismic tomography},
  journal = {Geophys. J. Int.},
  volume = {145},
  pages = {517--527},
  year = {2001},
 }


@article{clarke:1987,
    author = {Clarke, G. K. C.},
    title = {Fast glacier flow: Ice Streams, surging and tidewater glaciers},
    journal = {J. Geophys. Res.},
    publisher = {},
    volume = {92},
    number = {B9},
    pages = {8835--8841},
    year = {1987},
   }
@article{clayton-hudelson:1995,
    author = {Clayton, M. K. and Hudelson, B. D.},
    title = { Confidence intervals for autocorrelations based on
      cyclic samples},
    journal = {Journal of American Statistical Association},
    publisher = {},
    volume = {90},
    number = {},
    pages = {753--757},
    year = {1995},
    url = {},
   }
@article{clinger-vanness:1976,
    author = {Clinger, W. and Van Ness, J. W.},
    title = {On unequally spaced time points in time series},
    journal = {The Annals of Statistics},
    publisher = {},
    volume = {4},
    number = {},
    pages = {736--745},
    year = {1976},
    url = {},
   }
@article{cohen-jones:1969,
  author = "A. Cohen and R. Jones",
  title = "Regression on a random field",
  journal = {Journal of the American Statistical Association},
  volume = {64},
  page = {1172--1182},
  year = "1969" ,
}

@article{connolly-ACPCCPD:1987,
  author = {Connolly, J. A. D. and Kerrick, D. M.},
  year = {1987},
  title = {An algorithm and computer program for calculating
    composition phase diagrams},
  journal = {CALPHAD},
  volume = {11},
  pages = {1--55}
}

@article{connolly-podladchikov:2000,
    author = {Connolly, J.A.D. and Yu.Yu Podladchikov},
    title = {Temperature-Dependent Viscoelastic Compaction and Compartmentalization in Sedimentary Basins},
    journal = {Tectonphysics},
    publisher = {},
    volume = {324},
    number = {3},
    pages = {137--168},
    year = {2000},
   }

@article{connolly-petrini:2002,
    author = {Connolly, J. A. D. and Petrini, K.},
    title = {An automated strategy for calculation of phase diagram sections and retrieval of rock properties as a function of physical conditions.},
    journal = {J. Metamorphic Geol.},
    publisher = {},
    volume = {20},
    number = {},
    pages = {697--708},
    year = {2002},
   }


@article{conrad-hager:1997,
    author = {Conrad, C. P. and B.H. Hager},
    title = {Spatial variations in the sea level rise  caused  by  the  present-day  melting  of  glaciers and ice sheets},
    journal = {Geophys. Res. Lett.},
    volume = {24},
    pages = {1503--1506},
    year = {1997},
   }
@article{conrad-hager:1999,
    author = {Conrad, C.P. and B. H. Hager},
    title = {The thermal evolution of  an  earth with  strong  subduction zones},
    journal = {Geophys. Res. Lett.},
    volume = {26},
    pages = {3041--3044},
    year = {1999},
   }
@article{conrad-hager:2001,
    author = {Conrad, C. P. and B.H. Hager},
    title = {Mantle convection with strong
subduction zones},
    journal = {Geophys. J. Int.},
    volume = {144 },
    pages = {1--22},
    year = {2001},
   }
%DDDD
@article{dale-holland-powell:2000,
  author = {Dale, J. and Holland, T. J. B. and Powell, R.},
  title = {Hornblende-garnet-plagioclase thermobarometry: a natural assemblage calibration of the thermodynamics of hornblende},
  journal = {Contrib. Mineral. Petrol.},
  volume = {140},
  pages =  {353--362},
  year = {2000},
}

@article{davies:1988,
  author = {Davies, G. F.},
  title = {Ocean bathymetry and mantle convection, 1.
      Large scale flow and hotspots},
  journal = {J. Geophys. Res.},
  volume = {93},
  pages =  {10467--10480},
  year = {1988},
}
@article{denison-carlson-ketcham:1997,
    author = {C. Denison and W.~D. Carlson and R.~A. Ketcham},
    title = {Three-dimensional quantitative textural analysis of metamorphic rocks using high-resolution computed X-ray tomography. 1. Methods and techniques},
    journal = {J. METAMORPH GEOL},
    publisher = {},
    volume = {15},
    number = {1},
    pages = {29--44},
    year = {1997},
   }
@article{denison-carlson:1997,
    author = {C. Denison and W.~D. Carlson},
    title = {Three-dimensional quantitative textural analysis of metamorphic rocks using high-resolution computed X-ray tomography. 2. Application to natural samples},
    journal = {J. METAMORPH GEOL},
    publisher = {},
    volume = {15},
    number = {1},
    pages = {45--57},
    year = {1997},
   }
@article{desjardins-dormy-grenier:2001,
    author = {Desjardins, B. and Dormy, E. and Grenier, E.},
    title = {Instability  of  {E}kman-{H}artmann boundary layers,
        with application to the fluid flow near the core/mantle boundary},
    journal = {Phys. Earth Planet. Inter.},
    publisher = {},
    volume = {123},
    number = {},
    pages = {15--26},
    year = {2001},
    url = {},
   }
@article{dietrich:1979,
    author = {Dietrich, J.H.},
    title = {Modeling of rock friction {1.} experimental results and  constitutive  equations},
    journal = {J.  Geophys.  Res.},
    volume = {84},
    pages = {2161--2168},
    year = {1979},
   }
@article{diggle_tawn_moyeed:1998,
    author = {P. J. Diggle and J. A. Tawn and R. A. Moyeed},
    title = {Model-based geostatistics},
    journal = {Applied Statistics},
    volume = {47},
    number = {3},
    pages = {299--350},
    year = {1998},
    }


@article{dimanov-dresen-wirth:1998,
    author = {A. Dimanov and G. Dresen and R. Wirth},
    title = {High-temperature creep of partially molten plagioclase aggregates},
    journal = {J. G. Res.-Sol. Ea.},
    publisher = {},
    volume = {103},
    pages = {9651--9664},
    year = {1998},
   }
@article{dimanov-wirth-dresen:2000,
    author = {A. Dimanov and R. Wirth and G. Dresen},
    title = {The effect of melt distribution on the rheology of plagioclase rocks},
    journal = {Tectonophysics},
    publisher = {},
    volume = {328},
    pages = {307--327},
    year = {2000},
   }

@article{dorsey-manga:1998,
    author = {Dorsey, C. and M. Manga},
    title = {The spreading of drops and axisymmetric gravity  currents  along  a free surface},
    journal = {Physics of Fluids},
    publisher = {},
    volume = {10},
    pages = {3011--3013},
    year = {1998},
   }

@inproceedings{dubuffet-yuen-murphy-sevre-vecsey:2001,
    author = {Dubuffet, F. and Yuen, D. A. and Murphy, M. S. and Sevre, E. O. and
      Vecsey, L.},
    title = {Secondary instabilities developed in Upwellings
             at High Rayleigh nubmer convection},
    booktitle = {EOS, TRANS, AGU},
    publisher = {},
    volume = {82(47)},
    number = {},
    pages = {F1210},
    year = {2001},
  }

%EEEE
@article{edge:1992,
    author = {Edge, C. K.},
    title = {Float glass forming: production considerations},
    journal = {Ceramic Bulletin},
    publisher = {},
    volume = {6},
    pages = {936--942},
    year = {1992},
   }
@inproceedings{erlebacher-yuen-dubuffet:2001,
    author = {Erlebacher, G. and Yuen, D. A. and Dubuffet, F.},
    title = {Current demands and trends in visualization in Geosciences},
    booktitle = {EOS, TRANS, AGU},
    publisher = {},
    volume = {82},
    number = {47},
    pages = {F576},
    year = {2001},
  }
@article{erlebacher-yuen-dubuffet:2001a,
    author = {G. Erlebacher and D. A. Yuen and F. Dubuffet},
    title = {Current trends and demands in visualization in the
      geosciences},
    journal = {Electronic Geosciences},
    publisher = {},
    volume = {4},
    number = {},
    note = {http://link.springer-ny.com/link/service/journals/10069/technic/erlebach/index.htm},
    year = {2001},
   }
@incollection{evans-kohlstedt:1995,
    author = {B. Evans and D.~L. Kohlstedt},
    title = {Rheology of rocks},
    booktitle = {Rock Physics and Phase Relations, A Handbook of Physical Constants},
    publisher = {American Geophysical Union},
    address = {Washington, D.C.},
    editor = {T.J. Ahrens},
    volume = {},
    pages = {148--165},
    year = {1995},
   }


%FFFF
@article{ferguson-klein-rundle:1998,
    author = {Ferguson, C. D. and Klein, W. and J.B. Rundle},
    title = {Long-range  earthquake fault models},
    journal = {Computers in Physics},
    publisher = {},
    volume = {12},
    number = {1},
    pages = {34--40},
    year = {1998},
    url = {},
   }

@book{finlayson:1972,
    author = {Finlayson, B. A.},
 title = {The method of weighted residuals and variational principles, with application in fluid mechanics, heat and mass transfer},
 publisher = {Academic Press},
 address = {New York},
 year = {1972},
}
@article{fox-ko-pierce-etal:2002,
  author = {Fox, G. C. and Ko, S.-H. and Pierce, M. and Balsoy, O. and
    Kim, J. and Lee, S. and Kim, K. and Oh, S. and Rao, X. and Varank,
    M. and Bulut, H. and Gunduz, G. and Qui, X. and Pallickara, S. and
    Uyar, A. and Youn, C.},
  title = {Grid services for earthquake science},
  journal =  {ACES 2001, special issue of Concurrency and computation: practice and experience},
  page = {},
  volume = {},
}

@article{fuentes:2000,
    author = {M. Fuentes},
    title = {Fixed-domain asymptotics for variograms using subsampling},
    journal = {Mathematical Geology},
    publisher = {},
    volume = {33},
    number = {},
    pages = {679--691},
    year = {2000},
    url = {},
   }

@article{fuentes:2001,
    author = {M. Fuentes},
    title = {A High frequency Kriging approach for nonstationary envirionmental processes},
    journal = {Environmetrics},
    publisher = {},
    volume = {12},
    pages = {1--15},
    year = {2001},
   }
@incollection{fuentes:2001c,
    author = {Fuentes, M.},
    title = {Interpolation of environmental spatial processes},
    booktitle = {Spatial Statistics: Case Studies},
    publisher = {WIT Press},
    volume = {},
    number = {},
    pages = {},
    year = {2001},
}
@article{fuentes:2002a,
    author = {M. Fuentes},
    title = {Periodogram and other Spectral methods for nonstationary processes},
    journal = {Biometrika},
    publisher = {accepted},
    volume = {89},
    number = {},
    pages = {},
    year = {2002},
    url = {},
   }
@misc{fuentes:2002b,
   author = {M. Fuentes},
   title = {Statistical  analysis of areas of compliance with the  air pollution standards},
   note = {Invited paper for a special issue in Journal of Geophysical Research, Atmosphere, http://www.csit.fsu.edu/$\sim$erlebach/maui2001},
   year = {2001},
   }
@article{fuentes-raftery:2002,
    author = {Fuentes, M. and Raftery, A.},
    title = {Model validation and prediction from combined spatial data: via Bayesian melding},
    journal = {JASA Applications and Case Studies},
    publisher = {under review},
    volume = {},
    number = {},
    pages = {},
    year = {2002},
}
@article{fuentes-smith:2001,
    author = {M. Fuentes and R. L. Smith},
    title = {Spatial modeling, analysis and prediction of nonstationary environmental processes},
    journal = {},
    publisher = {},
    volume = {},
    pages = {},
    year = {2001},
   }
@article{fuentes-smith:2002b,
    author = {Fuentes, M. and Smith, R.},
    title = {A new  class of models for nonstationary processes},
    journal = {Journal of the American Statistical Association},
    publisher = {under review},
    volume = {},
    number = {},
    note = {http://www.statncsu.edu/$\sim$fuentes},
    year = {2002},
   }

@article{fuentes:2002d,
    author = {Fuentes, M.},
    title = {Modeling and testing for non-stationarity of spatial processes},
    journal = {JASA Theory and Methods},
    publisher = {under review},
    volume = {},
    number = {},
    pages = {},
    year = {2002},
}

@article{fowler-yang:1998,
    author = {Fowler,  A.C.  and  X.S.  Yang},
    title = {Fast  and  slow  compaction   in sedimentary basins},
    journal = {S.I.A.M. J. Appl. Math.},
    volume = {59},
    pages = {365--385},
    year = {1998},
   }
%GGGG
@article{garbow-olson-yuen-boggs:2001,
  author = {Garbow, Z. A. and Olson, N. R. and Yuen, D. A. and Boggs, J. M.},
  title = {Interactive Web-Based Map: Applications to Large
     Data Sets in the Geosciences},
  journal = {Electronic Geosciences},
  volume = {6},
  note = {http://link.springer.de/link/service/journals/10069/technic/webbased/index.htm},
  year = {2001},
}
%%%%%%%%%%% Gerya %%%%%%%%%%%%%%%%%%%%%%%%%%%%
@article{gerya-perchuk-reenen-smit:2000,
  author = {Gerya, T. V. and Perchuk, L. L.  and {Van Reenen}, D. D. and Smit, C. A.},
  year = {2000},
  title = {Two-dimensional numerical modeling of pressure-temperature-time paths for the exhumation
  of some granulite facies terrains in the {Precambrian}},
  journal = {J. Geodynamics},
  volume = {29},
  pages = {17--35},
}

@article{gerya-maresch-willner-reenen-smit-IGIT:2001,
  author = {Gerya, T. V. and Maresch, W. V. and Willner, A. P.
    and  Van Reenen, D. D. and Smit, C. A.},
  year = {2001},
  title = {Inherent gravitational instability of thickened continental
    crust with regionally developed low- to medium-pressure
    granulite facies metamorphism},
  journal = {Earth and Planet Sci. Lett.},
  volume ={190},
  pages = {221--235},
}

@article{gerya-perchuk-maresch-willner-reenen-smit-TRGI:2002,
  author = {Gerya, T. V. and Perchuk, L. L. and Maresch, W. V.
    and Willner, A. P. and Van Reenen, D. D. and Smit, C. A.},
  year = {2002},
  title = {Thermal regime and gravitational instability of
    multi-layered continental crust: implications for the buoyant
    exhumation of high-grade metamorphic rocks},
  journal = {European J. Mineralogy},
  volume = {14},
  number = {4},
  pages = {687--699},
}

@article{gerya-stoeckhert-perchuk-EHPMR:2002,
  author = {Gerya, T. V. and Stoeckhert, B. and Perchuk, A. L.},
  year = {2002},
  title = {Exhumation of high-pressure metamorphic rocks in a
    subduction channel - a numerical simulation},
  journal = {Tectonics},
  number = {21},
  volume = {6},
  pages = {1--19},
}

@article{gerya-uken-reinhardt-watkeys-maresch-clarke:2003,
  author = {Gerya, T. V. and Uken, R. and Reinhardt, J. and Watkeys, M. K. and Maresch, W. V. and Clarke, B. M.},
  title = {Cold fingers in a hot magma: numerical modeling of diapirs in the {B}ushveld {C}omplex},
  journal = {South Africa. Geology},
  number = {9},
  volume = {31},
  pages = {753-756},
  year = {2003},
}

@article{gerya-yuen:2003,
  author = {Gerya, T. V. and D. A. Yuen},
  year = {2003},
  title = {Rayleigh-Taylor instabilities from hydration and melting propel `cold plumes' at subduction zones},
  journal = {Earth Planet. Sci. Lett.},
  volume = {212},
  pages = {47--62},
}
@article{gerya-yuen:2003b,
  author = {Gerya, T. V. and D. A. Yuen},
  year = {2003},
  title = {Characteristics-based marker-in-cell method with conservative finite-differences schemes for modeling geological flows with strongly variable transport properties},
  journal = {Phys. Earth Planet. Interiors},
  volume = {140},
  pages = {295--320},
}
@incollection{gerya-perchuk-maresch-willner:2004,
  author = {Gerya, T. V. and Perchuk, L. L. and Maresch, W. V. and Willner, A. P.},
  title = {Inherent gravitational instability of hot continental crust: implication for doming and diapirism in granulite facies terrains},
  booktitle = {Gneiss Domes \& Orogeny},
  editors = {K. Hodges and C. Teyssier and D. Whitney},
  publisher = {GSA book},
  pages = {in press},
  year = {2004},
}
@article{gerya-yuen-sevre:2004,
  author = {Gerya, T. V. and D. A. Yuen and Sevre, E. O. D.},
  year = {2004},
  title = {Dynamical causes for Incipient magma chambers above slabs},
  journal = {Geology},
  volume = {32},
  pages = {89-92},
}
%%%%%%%%%%%%%%%%%%%%%%%%%%%%%%%%%%%%%%%%%%%%%%%%%%
@article{ghiorso-sack:1995,
  author = {Ghiorso, M. S. and Sack,  R. O.},
  title = {Chemical Mass Transfer in Magmatic
Processes IV. A revised and internally consistent thermodynamic
model for the interpolation and extrapolation of liquid-solid
equilibria in magmatic systems at elevated temperatures and
pressures},
  journal = {Contrib Mineral Petrology},
  volume = {119},
  pages = {197--212},
  year = {1995},
}

@article{gibert-holschneider-le-mouel:1998,
    author = {Gibert, D. and Holschneider, M. and J.-L. {Le Mouel}},
    title = {Wavelet analysis of  the  Chandler  Wobble},
    journal = {J.  Geophys.Res.},
    publisher = {},
    volume = {103},
    pages = {27069--27089},
    year = {1998},
   }

@article{glatzmaier-roberts:1995,
    author = {Glatzmaier, G.A.  and Roberts, P. H.},
    title = {A  three-dimensional  self- consistent  computer  simulation of a geomagnetic field reversal},
    journal = {Nature},
    publisher = {},
    volume = {377},
    number = {},
    pages = {203--209},
    year = {1995},
    url = {},
   }

@article{glatzmaier-roberts:1998,
    author = {Glatzmaier, G. A. and Roberts, P. H.},
    title = {An anelastic evolutionary geodynamo simulation
      driven by compositional and thermal convection},
    journal = {Physica D},
    publisher = {},
    volume = {97},
    number = {},
    pages = {81--94},
    year = {1996},
}

@article{glatzmaier:2002,
  title = {Geodynamo simulations: How realistic are  they?},
  author = {Glatzmaier, G. A.},
  journal = {Annual review Earth Planetary Science},
  volume = {30},
  pages = {237-257},
  year = {2002},
}

@article{grand-van-der-hilst-widiyantoro:1997,
    author = {Grand, S.P. and {van der Hilst},  R.D.  and  S.  Widiyantoro},
    title = {Global seismic  tomography:  A  snapshot of convection in the Earth},
    journal = {GSA Today},
    volume = {7},
    pages = {1--7},
    year = {1997},
   }
@article{guinchi-ricard-HPLTM:1999,
  author = {Guinchi, C. and Y. Ricard},
  title = {High-pressure/low-temperature metamorphism and the
    dynamic of an accretionary wedge},
  journal = {Geophys. J. Int.},
  volume = {136},
  pages = {620--628},
  year = {1999},
}
%HHHH
@article{haeberli-cihlar-barry:2000,
   author = {Haeberli, W. and Cihlar, J. and Barry, R.},
   title = {Glacier monitoring within the Global Climate Observing
       System, Ann Glaciology},
   journal = {Annals Glaciology},
   volume = {31},
   pages = {241--246},
   year = {2000},
}
@article{hansen-yuen:1987,
    author = {Hansen, U. and Yuen, D. A.},
    title = {Evolutionary  structures  in  double- diffusive  convection in magma chambers},
    journal = {Geophys. Res. Letter.},
    publisher = {},
    volume = {204},
    number = {},
    pages = {1099--1102},
    year = {1987},
}

@article{hansen-yuen:1990,
    author = {Hansen, U. and Yuen, D. A.},
    title = {Nonlinear physics of double-diffusive convection
  in geological systems},
    journal = {Earth-Science Reviews},
    publisher = {},
    volume = {29},
    number = {},
    pages = {385--399},
    year = {1990},
}

@incollection{hansen-yuen:1995,
    author = {Hansen, U. and D. A. Yuen},
    title = {Formation of layered structures in double-diffusive convection as applied to the Geosciences, in Double-Diffusive Convection},
    booktitle = {Double-Diffusive Convection, Geophysical Monograph 94},
    publisher = {Amer. Geophys. Union},
    address = {Washington , D.C.},
    volume = {},
    pages = {135--149},
    year = {1995},
   }
@article{hansen-yuen:2000,
    author = {Hansen, U. and Yuen, D. A.},
    title = {Extended-Boussinesq  Thermal-Chemical
    Convection with moving heat sources and variable viscosity},
    journal = {Earth Planet. Sci. Lett.},
    publisher = {},
    volume = {176},
    number = {},
    pages = {401--411},
    year = {2000},
}

@article{harder:1991,
    author = {Harder, H.},
    title = {Numerical simulation of thermal convection with {Maxwellian} viscoelasticity},
    journal = {J. Non-{Newtonian} Fluid Mech.},
    publisher = {},
    volume = {39},
    pages = {67--88},
    year = {1991},
   }

@article{handy-DRREFZ:1989,
  author = {Handy, M. R.},
  title = {Deformation regimes  and  rheological  evolution  of
     fault   zone   in  the  lithosphere:  the  effects  of  pressure,
     temperature, grain-size and  time},
  journal = {Tectonophysics},
  volume = {163},
  pages = {119--152},
  year = {1989},
}

@article{heimpel:1997,
  author = {Heimpel, M.},
  title = {Critical behaviour and the evolution of fault
  strength during earthquake cycles},
  journal = {Nature},
  volume = {338},
  number = {},
  pages = {865--868},
  year = {1997},
 }

@article{hofmann-feraud-courtillot:2000,
    author = {Hofmann, C. and G. Feraud and V. Courtillot},
    title = {Ar 40/ Ar 39 dating of mineral separates and
whole rocks from the Western Ghats lava pile: further constraints},
    journal = {Earth Planet Sci. Let.},
    publisher = {},
    volume = {180},
    pages = {13--27},
    year = {2000},
   }

@article{holland-powell:1990,
    author = {T.~J.~B. Holland and R. Powell },
    title = {An enlarged and d internally consistent dataset with uncertainties and correlations: the system {K2O-Na2O-CaO-MgO-MnO-FeO-Fe2O3-Al2O3-TiO2-SiO2-C-H2-O2}},
    journal = {J. Metamorphic Geology},
    publisher = {},
    volume = {8},
    pages = {89--124},
    year = {1990},
   }

@article{holland-powell:1998,
    author = {T.~J.~B. Holland and R. Powell },
    title = {Internally consistent thermodynamic data set for phases of petrological interest},
    journal = {J. Metamorph. Geology},
    publisher = {},
    volume = {16},
    pages = {309--344},
    year = {1998},
   }

@article{holland-powell-EUICTD:1990,
  author = {Holland, T.J.B. and Powell, R.},
  year = {1990},
  title = {An enlarged and updated internally consistent
    thermodynamic dataset with uncertainties and correlations:
    the system {K2O-Na2O-CaO-MgO-MnO-FeO-Fe2O3-Al2O3-TiO2-SiO2-C-H-O2}},
  journal = {J. metamorphic Geol.},
  volume = {8},
  pages = {89-124},
}

@article{holland-powell-ICTD:1998,
  author = {Holland, T.J.B. and Powell, R.},
  year = {1998},
  title = {An internally-consistent thermodynamic data set for
    phases of petrological interest},
  journal = {Journal of Metamorphic Geology},
  volume = {16},
  pages = {309--343},
}

@incollection{holland-saltzman-cox-nychka:1999,
    author = {Holland, D. and Saltzman, N. and Cox, L.H. and Nychka, D.},
    title = {Spatial prediction of sulfur dioxide in the eastern
    United States},
    booktitle = {geoENV II --- Geostatistics for Environmental Applications},
    publisher = {Kluwer, Dordrecht},
    editor =  {G\'omez-Hern\'andez, J. and Soares, A. and Froidevaux, R.},
    volume = {},
    number = {},
    pages = {65--76},
    year = {1999},
    url = {},
   }

@article{holzer-siggia:1994,
  author = {Holzer, M. and Siggia, E. D.},
  title = {Turbulent mixing with a passive scalar},
  journal = {Phys. Fluids},
  volume = {6},
  number = {5},
  pages = {1820--1837},
  year = {1994},
 }

@article{hudgins-friehe-mayer:1993,
    author = {Hudgins, L. and Friehe, C.A. and M.E. Mayer},
    title = {Wavelet transforms and atmospheric  turbulence},
    journal = {Phys.  Rev. Letter.},
    volume = {71},
    pages = {3279--3282},
    year = {1993},
   }
@book{huilgol-phan-thien:1997,
    author = {Huilgol, R.~R. and Phan-Thien, N.},
    title = {Fluid mechanics of visco-elasticity: general principles, constitutive modeling, {\em Analytical and Numerical Techniques}},
    publisher = {Elsevier},
    address = {Amsterdam},
    year = {1997},
   }

@article{hunen-berg-vlaar-TMMHS:2000,
  author = {van Hunen, J. and  A. P. van den Berg and N. J. Vlaar},
  title = {A thermo-mechanical model of horizontal subduction below
    an overriding plate},
  journal = {Earth Planet. Sci. Lett.},
  volume = {182},
  pages = {157--169},
  year = {2000},
}

@article{huppert:1982,
    author = {Huppert, H. E.},
    title = {The propagation of two-dimensional and axisymmetric viscous gravity currents over a rigid horizontal surface},
    journal = {J. Fluid Mech.},
    publisher = {},
    volume = {121},
    pages = {43--58},
    year = {1982},
   }

%IIII
%JJJJ
@article{jordan-yuen-reuteler-zhang-haimes:1996,
    author = {Jordan, K.E. and Yuen,  D.A. and  Reuteler,  D.M. and Zhang,  S.  and  R.  Haimes},
    title = {Parallel interactive visualization of 3D  mantle convection},
    journal = {IEEE Computational Science and Engineering},
    publisher = {},
    volume = {3},
    number = {4},
    pages = {29--37},
    year = {1996},
    url = {},
   }
@book{journel-huijbregts:1978,
    author= {Journel, A. and Huijbregts, C.},
    year = {1978},
    title = {Mining Geostatistics},
    publisher = {Academic Press, London},
}
%KKKK
@article{kagan:1992,
    author = {Kagan, Y. Y.},
    title = {Seismicity: turbulence of  solids},
    journal = {Nonlinear  Sci. Today},
    volume = {2},
    pages = {1--13},
    year = {1992},
}
@article{kaiser-hsu-cressie-lahiri:1997,
    author = {Kaiser, M. S. and Hsu, N. and Cressie, N. and Lahiri, S. N.},
    title = {Inference for spatial processes using subsampling: A simulation study},
    journal = {Environmetrics},
    publisher = {},
    volume = {8},
    number = {},
    pages = {485--502},
    year = {1997},
    url = {},
   }
@article{kameyama-yuen-fujimoto:1997,
    author = {Kameyama, M. and D.A. Yuen  and  H.  Fujimoto},
    title = {The  interaction  of viscous   heating  with  grain-size  dependent  rheology  in  the formation of localized  slip  zones},
    journal = { Geophys.  Res.  Lett.},
    volume = {24},
    pages = {2523--2526},
    year = {1997},
   }
@article{kameyama-yuen-fujimoto-IVHGS:1997,
  author = {Kameyama, M. C. and Yuen, D. A. and Fujimoto, H.},
  title = {The interaction of viscous heating with grain-size
    dependent rheology in the formation of localized slip zones},
  journal = {Geophysical Research Letters},
  volume = {24},
  number = {20},
  pages = {2523--2526},
  year = {1997},
}

@article{kameyama-yuen-karato:1999,
    author = {Kameyama, M. and D. A. Yuen  and S. Karato},
    title = {Thermal-mechanical effects of low-temperature plasticity (the {Peierls} mechanism) on the  deformation of a viscoelastic shear zone},
    journal = {Earth Planet. Sci. Lett.},
    publisher = {},
    volume = {168},
    pages = {159--172},
    year = {1999},
   }
@misc{kaneko-yuen-dzwinel-boryczko-benzion-sevre:2002,
  title = {Multi-resolution Clustering Analysis and Visualization of Around One Million Synthetic Earthquake Events},
  author = {Kaneko, Y. JBD and Yuen, D. A. and Dzwinel, W. and Boryczko, K. and Ben-Zion, Y.  and Sevre E. O. D.},
  note = {Abstract for the the AGU Conference, San Francisco, December 6-10},
  year = {2002},
}
@article{karato-GGKOA:1989,
  title = {Grain Growth Kinetics in Olivine Aggregates},
  author = {Karato, S. I.},
  journal = {Tectonophysics},
  volume = {168},
  pages = {253--257},
  year = {1989},
}

@article{karato-riedel-yuen-RSDSS:2001,
  author = {Karato, S. and Riedel M. R. and Yuen, D. A.},
  title = {Rheological structure and deformation of subducted
     slabs in the mantle transition zone: implications for mantle
     circulation and deep earthquakes},
  journal = {Phys. Earth Planetary Inter.},
  volume = {127},
  pages = {83--108},
  year = {2001},
}

@book{karpov-kiselev-letnikov-CMNM:1976,
  author = {Karpov, I. K. and A. I. Kiselev and F. A. Letnikov},
  title = {Computer Modeling of Natural Mineral Formation},
  publisher = {Nedra Press, Moscow},
  year = {1976},
  pages = {256},
  note = {in Russian},
}

@article{kelly-bercovici:1997,
    author = {Kelly, A. and D. Bercovici},
    title = {The clustering of rising diapirs  and plume heads},
    journal = {Geophys. Res. Lett.},
    volume = {24},
    pages = {201--204},
    year = {1997},
   }

@article{kerrick-connolly-MDSOM:2001,
  author = {Kerrick, D. M. and J. A. D. Connolly},
  title = {Metamorphic devolatilization of subducted oceanic
    metabasalts: implications for seismicity, arc magmatism and
    volatile recycling},
  journal = {Earth Planet. Sci. Lett.},
  volume = {189},
  pages = {19--29},
  year = {2001},
}

@article{keunings:2000,
    author = {Keunings, R.},
    title = {Advances in the computer modeling of the flow of polymeric liquids},
    journal = {J. Comput. Fluid Dyn.},
    publisher = {},
    volume = {in press},
    pages = {},
    year = {2001},
   }
@article{kido-yuen-vecsey-vincent-bergeron:2000,
    author = {Kido, M. J. B. and Yuen, D. A. and Vecsey, L. and Vincent, A.P. and S. Y. Bergeron},
    title = {Comparison between 2-D Continuous Wavelets and Band-Pass Filter in Spherical Harmonics on Imaging Geoid Anomalies},
    journal = {American Geophysical Union Fall Meeting Abstract},
    volume = {},
    pages = {},
    year = {2000},
   }
@article{kido-yuen:2002,
    author = {M. J. B. Kido and D. A. Yuen},
    title = {Mapping the admittance and correlation functions on the Martian surface using a spherical wavelet filter},
    journal = {{\em submitted to} Geophys. Res. Lett.},
    publisher = {},
    volume = {},
    number = {},
    pages = {},
    note = {http://www.msi.umn.edu/$\sim$kido/marsgrl},
    year = {2002},
   }

@article{kido-yuen-vincent:2002,
    author = {Yuen, D.A. and Vincent, A.P. and Kido, M.J.B. and L. Vecsey},
    title = {Continuous wavelet-filter for a spherical surface and bandpass filter in spherical harmonics},
    journal = {Phys. Earth Planet. Inter., {\em in press}},
    publisher = {},
    volume = {},
    number = {},
    note= {http://www.msi.umn.edu/$\sim$lilli/},
    year = {2002},
   }

@article{kido-yuen-vincent-WFSS:2003,
  author = {Kido, M. J. B. and Yuen, D. A. and Vincent, A. P.},
  title = {Wavelet-like Filter for  a Spherical Surface},
  journal = {Earth and Planetary Science Letters},
  volume = {135},
  pages = {1--16},
  year = {2003},
}
@article{kido-yuen-vincent:2003,
   author = {Kido, M. and Yuen, D. A. and Vincent, A. P.},
   title = {Continuous wavelet-filter for a spherical surface and and its application
   to localized admittance function on Mars},
   journal = {Phys. Earth Planet. Inter.},
   publisher = {Elsevier},
   volume = {1},
   number = {15},
   month = {January},
   pages = {1--16},
   note= {http://www.msi.umn.edu/$\sim$lilli/},
   year = {2003},
  },
@article{kieffer:1989,
    author = {Kieffer, S. W.},
    title = {Geologic nozzles},
    journal = {Rev. Geophysics},
    publisher = {},
    volume = {27},
    number = {},
    pages = {3--38},
    year = {1989},
    url = {},
   }
@article{kohlstedt-evans-mackwell:1995,
    author = {Kohlstedt, D. L. and B. Evans and S. J. Mackwell},
    title = {Strength of the lithosphere: constraints imposed by laboratory experiments},
    journal = {J. Geophys. Res.},
    publisher = {},
    volume = {100},
    number = {17},
    pages = {587--602},
    year = {1995},
   }
@article{kohlstedt-holtzman:2002,
    author = {D.~L. Kohlstedt and B.~K. Holtzman},
    title = {Shearing Melt out of the Mantle},
    journal = {Geochim. Cosmochim. AC},
    publisher = {},
    volume = {66},
    number ={15A},
    pages = {A410-A410},
    year = {2002},
   }
@article{kritski-yuen-vincent:2002a,
    author = {Kritski, A. and Yuen, D.A. and Vincent, A. P.},
    title = {Wavelet correlation analysis applied to study marine sediments},
    journal = {{\em submitted to } Electronic Geosciences},
    publisher = {},
    volume = {},
    number = {},
    pages = {},
    year = {2002},
}

@article{kritski-yuen-vincent:2002,
    author = {Kritski, A. and Yuen, D.A. and Vincent, A. P.},
    title = {Properties of Near Surface Marine Sediments from wavelet correlation analysis},
    journal = {{\em submitted to} Geophy. Res. Lett.},
    publisher = {},
    volume = {},
    number = {},
    pages = {},
    year = {2002},
}
@article{kumar-foufoula:1997,
    author = {P. Kumar and E. Foufoula-Georgiou},
    title = {Wavelet analysis for geophysical applications},
    journal = {Review Geophysics},
    publisher = {},
    volume = {35},
    number = {},
    pages = {385--412},
    year = {1997},
    }
%LLLL
@techreport{lahiri:1995,
    author = {Lahiri, S. N.},
    title = {Asymptotic distribution of the empirical spatial cumulative distribution
       function predictor and prediction bands based on a subsampling method},
    journal = {},
    institution = {Department of Statistics, Iowa State University},
    volume = {},
    number = {},
    pages = {},
    year = {1995},
    url = {},
   }

@article{larsen-malevsky-yuen-smedsmo:1993,
    author = {Larsen, T. B. and Malevsky, A. V. and Yuen, D. A. and J. L. Smedsmo},
    title = {Temperature-dependent {Newtonian} and non-{Newtonian} convection: implications for lithospheric processes},
    journal = {Geophys. Res. Lett.},
    publisher = {},
    volume = {20},
    pages = {2595--2598},
    year = {1993},
   }
@article{larsen-yuen-moser-fornberg:1997,
    author = {Larsen, T.B. and Yuen, D.A. and Moser, J. and B. Fornberg},
    title = {A  higher-order  finite-difference method applied to
       large Rayleigh number mantle convection},
    journal = {Geophys. Astrophy. Fluid  Dyn.},
    publisher = {},
    volume = {84},
    number = {},
    pages = {53--83},
    year = {1997},
    url = {},
   }
@article{larsen-yuen-smedsmo-malevsky:1997,
    author = {Larsen, T. B. and Yuen, D. A. and J. L. Smedsmo and Malevsky, A. V. },
    title = {Generation of fast timescale phenomena in thermo-mechanical processes},
    journal = {Phys. Earth Planet. Inter.},
    publisher = {},
    volume = {102},
    pages = {213--222},
    year = {1997},
   }
@book{larson:1999,
    author = {Larson, R. G.},
    title = {The  Structure  and  Rheology  of  Complex  Fluids},
    journal = {},
    publisher = {Oxford University Press},
    volume = {},
    number = {},
    pages = {546},
    year = {1999},
    url = {},
   }
@article{leger-joanny:1992,
    author = {Leger, L. and J. F. Joanny},
    title = {Liquid spreading},
    journal = {Rep. Prog. Phys.},
    publisher = {},
    volume = {62},
    pages = {431--486},
    year = {1992},
   }
@article{lobkovsky-kerchman:1991,
    author = {Lobkovsky, L. I. and V. I. Kerchman},
    title = {A two-level concept of plate tectonics: applications to geodynamics},
    journal = {Tectonophysics},
    publisher = {},
    volume = {199},
    pages = {343--374},
    year = {1991},
   }
%MMMM
@article{malevsky-yuen:1993,
    author = {Malevsky, A.V. and  D.A.  Yuen},
    title = {Plume structures  in  the  hard turbulent
       regime  of  three-dimensional  infinite Prandtl number
       convection},
    journal = {Geophys. Res. Lett.},
    publisher = {},
    volume = {20},
    number = {},
    pages = {383--386},
    year = {1993},
    url = {},
   }

@article{malevsky-yuen:1991,
    author = {Malevsky, A. V. and D. A. Yuen},
    title = {Characteristics-based methods applied to infinite Prandtl number thermal convection in the hard turbulent regime},
    journal = {Phys. Fluids A},
    publisher = {},
    volume = {3},
    number = {9},
    pages = {2105--2115},
    year = {1991},
   }
@article{malevsky-yuen:1992,
    author = {Malevsky, A. V. and D. A. Yuen},
    title = {Strongly chaotic non-{Newtonian} mantle convection},
    journal = {Geophys. Astro. Fluid Dyn.},
    publisher = {},
    volume = {65},
    pages = {149--171},
    year = {1992},
   }
@article{malevsky_yuen:1993,
    author = {A. V. Malevsky and D. A. Yuen},
    title = {Plume Structures in the hard-turbulent regime of three-dimensional
    infitnite prandtl number convection},
    journal = {Geophysical research letters},
    publisher = {},
    volume = {20},
    number = {5},
    pages = {383--386},
    year = {1993},
   }
@article{manga:1996,
    author = {Manga, M.},
    title = {Mixing of heterogeneities in  the  mantle:  effect  of viscosity differences},
    journal = {Geophys. Res. Lett.},
    volume = {23},
    pages = {403 --406},
    year = {1996},
   }
@article{manwart-aaltosalmi-koponen-hilfer-timonen:2002,
    author = {Manwart, C. and Aaltosalmi, U. and Koponen, A. and Hilfer, R. and J. Timonen},
    title = {Lattice Boltzmann and finite-difference simulations for the permeability for three-dimensional porous media},
    journal = {Phys. Rev E},
    volume = {66},
    pages = {016702},
    year = {2002},
}
@article{marcotte:1996,
    author = {D. Marcotte},
    title = {Fast Variogram computation with FFT},
    journal = {Computers \& Geoscience},
    volume = {22},
    number = {10},
    pages = {1175--1186},
    year = {1996},
   }
@book{marchuk:1995,
    author = {Marchuk, G. I.},
    title = {Adjoint Equations and Analysis of Complex Systems},
    publisher = {Kluwer Academic Publishers},
    address = {Dordrecht},
    year = {1995},
   }
@techreport{matheron:1971,
  author = {G. Matheron},
  year = {1971},
  title = {The Theory of Regionalized Variables and Its Applications},
  institution = {Les Cahiers du Centre de Morphologies,
     Ecole des Mines, Fontainbleau, France},
  publisher = {Centre de G\'eostatistique, Fontainebleau},
  number = {Fasc. 5},
}
@article{melosh-raefsky:1980,
    author = {Melosh, H. J. and A. Raefsky},
    title = {The dynamical origin of subduction zone topography},
    journal = { Geophys. J. R. Astr. Soc.},
    publisher = {},
    volume = {60},
    pages = {333--354},
    year = {1980},
   }
@article{mibe-fujii-yasuda:1999,
   author = {Mibe, K. and Fujii, T. and A. Yasuda},
   title = {Control of the location of the volcanic  front  in  island arcs by aqueous fluid connectivity in the mantle wedge},
   journal = {Nature},
   volume = {401},
   pages = {259--292},
   year = {1999},
}
@article{miller-melbourne-johnson-summer:2002,
   author = {Miller, M. M. and Melbourne, T. and Johnson, D. J. and Summer, W. Q.},
   title = {Periodic slow earthquakes from the Cascadia subduction zone},
   journal = {Science},
   volume = {295},
   pages = {2423},
   year = {2002},
}
@article{mora-place:1994,
    author = {Mora, P. and Place, D.},
    title = {Simulation of the frictional stick-slip instability},
    journal = {Pure and Applied Geophys.},
    publisher = {},
    volume = {143},
    number = {},
    pages = {61--87},
    year = {1994},
    url = {},
   }
@article{moreau-gibert-holschneider-saracco:1997,
    author = {Moreau, F. and Gibert, D. and Holschneider, M. and G. Saracco},
    title = {Wavelet analysis  of  potential  fields},
    journal = {Inverse  Problems},
    publisher = {},
    volume = {13},
    pages = {165--178},
    year = {1997},
   }
@article{moreau-gibert-holschneider-saracco:1999,
    author = {Moreau, F. and Gibert, D. and Holschneider, M. and G. Saracco},
    title = {Identification of sources of potential fields with the continuous
wavelet transform: Basc theory},
    journal = {J. Geophys. Res.},
    publisher = {},
    volume = {104},
    pages = {5003--5013},
    year = {1999},
   }
@article{moresi-solomatov:1998,
    author = {Moresi, L. and V. Solomatov},
    title = {Mantle  convection  with  a  brittle lithosphere:  thoughts on the global tectonic styles of the {Earth} and {Venus}},
    journal = {Geophys. J. Int.},
    publisher = {},
    volume = {133},
    pages = {669--682},
    year = {1998},
   }
@article{moresi-muhlhaus:2000,
    author = {Moresi, L. and H. Muhlhaus},
    title = {Viscoelastic convection modeling with a yield stress: {Application} to the dynamics of subduction zones},
    journal = {American Geophysical Union Fall Meeting},
    publisher = {},
    volume = {},
    pages = {},
    year = {2000},
   }
@article{moresi-dufour-muhlhaus:2001,
    author = {Moresi, L. and Dufour, F. and Muhlhaus, H.},
    title = {},
    journal = {},
    publisher = {},
    volume = {},
    pages = {},
    year = {2001},
   }
@article{moses-zocchi-procaccia-libchaber:1991,
    author = {Moses, E. and Zocchi,  G. and  Procaccia,  I.  and  A.  Libchaber},
    title = {The dynamics  and  interaction  of  laminar thermal plumes},
    journal = {Europhys. Lett.},
    volume = {14},
    pages = {55--60},
    year = {1991},
}
%NNNN
@article{nakamura:1995,
    author = {Nakamura, M.},
    title = {Continuous mixing of
    crystal mush and replenished magma in the ongoing {U}nzen eruption},
    journal = {Geology},
    publisher = {},
    volume = {23},
    number = {9},
    pages = {807-810},
    year = {1995},
    url = {},
   }
@techreport{nychka-wikle-royle:1999,
    author = {Nychka, D. and Wikle, C. and Royle, J.A.},
    title = {Large spatial prediction problems and nonstationary random fields},
    journal = {},
    publisher = {Preprint},
    institution = {Geophysical Statistical Program,
       National Center for Atmospheric Research},
    volume = {},
    number = {},
    pages = {},
    year = {1999},
    url = {},
   }
%OOOO
@article{ockendon:1979,
    author = {Ockendon, H.},
    title = {Channel flow with  temperature-dependent  viscosity and  internal  viscous  dissipation},
    journal = {J. Fluid Mech.},
    publisher = {},
    volume = {93},
    pages = {737--746},
    year = {1979},
   }
@article{ogawa:1987,
    author = {Ogawa, M.},
    title = {Shear instability in a viscoelastic material  as  the
cause  of  deep  focus  earthquakes},
    journal = { J. Geophys. Res.},
    publisher = {},
    volume = {92},
    pages = {13801--13810},
    year = {1987},
   }
@incollection{olson:1990,
    author = {Olson, P. L.},
    title = {Hot spots, swells and mantle plumes},
    booktitle = {Magma Transport and Storage},
    editor = {M. P. Ryan},
    publisher = {John Wiley},
    address = {New York},
    pages = {33--51},
    year = {1990},
   }
@article{olsen-archuleta-matarase:1995,
  author = {Olsen, K.B. and Archuleta, R.J. and Matarase, J. R.},
  title = {Three-dimensional simulation of a magnitude
      7.75 Earthquake on the San Andreas Fault},
  journal = {Science},
  volume = {270},
  pages = {1628--1632},
  year = {1995},
}
%PPPP
@book{passchier-trow:1996,
    author = {C.~W. Passchier and R.~A. Trow},
    title = {Microtectonics},
    publisher = {Berlin: Springer-Verlag},
    year = {1996},
   }
@article{payne:1995,
    author = {Payne, A. J.},
    title = {Limit cycles in the basal thermal regime of ice sheets},
    journal = {J. Geophys. Res.},
    publisher = {},
    volume = {100},
    number = {B3},
    pages = {4249--4263},
    year = {1995},
   }
@article{payne:1998,
    author = {Payne, A.F.},
    title = { Results from  a  thermomechanical  ice  sheet  model},
    journal = {Geophys. Res. Lett.},
    volume = {25},
    pages = {3173--3176},
    year = {1998},
   }
@article{pearson:1977,
    author = {Pearson, J. R. A.},
    title = {Variable viscosity flows in channels with high heat generation},
    journal = {J. Fluid Mech.},
    publisher = {},
    volume = {83},
    pages = {191--206},
    year = {1977},
   }
@article{piromallo-morelli:1997,
    author = {Piromallo, C. and A. Morelli},
    title = {Imaging the Mediterranean upper mantle by P-wave travel time tomography},
    journal = {Annali di Geofisica},
    volume = {XL},
    pages = {963--979},
    year = {1997},
   }
@article{piromallo-spada-sabadini-sicard:2000,
    author = {Piromallo, C. and Spada, G. and  Sabadini, R. and Y. Ricard},
    title = {Sea-level fluctuations  due  to  subduction:  The  role of mantle rheology},
    journal = {Geophys. Res. Lett.},
    publisher = {},
    volume = {24},
    pages = {1587--1590},
    year = {1997},
   }
@article{piromallo-vincent-yuen-morelli:2000,
    author = {Piromallo, C. and  Vincent, A.P. and Yuen, D.A. and A. Morelli},
    title = {Transition zone dynamics under Europe inferred from cross-sepctra of seismic tomography using two-dimensional wavelets},
    journal = {{\em Submitted to} Earth Planet Sci. Lett.},
    publisher = {},
    volume = {},
    pages = {},
    year = {2000},
   }
@article{piromallo-vincent-yuen-morelli:2001,
    author = {Piromallo, C. and Vincent, A.P. and Yuen, D.A. and A. Morelli},
    title = {Dynamics of the transition zone  under Europe inferred from wavelet
       cross-spectra of seimsic tomography},
    journal = {Phys. Earth Planet. Inter.},
    publisher = {},
    volume = {125},
    number = {},
    pages = {125--139},
    year = {2001},
}
@article{podlachikov-lenardic-yuen-quareni:1993,
    author = {Podlachikov, Yu. Yu. and  A. Lenardic and D. A. Yuen and F. Quareni},
    title = {Dynamical consequences of stress focusing for different
rheologies: {Earth} and {Venus} perspectives},
    journal = {EOS Trans},
    publisher = {AGU, fall meeting suppl.},
    volume = {74},
    pages = {598},
    year = {1993},
   }
@incollection {poliakov-cundall-podlachikov-lyakhovsky:1993,
   author = {Poliakov, A. N. B. and P. A. Cundall and  Yu. Yu. Podlachikov  and   V. A. Lyakhovsky},
   title = {An  explicit  inertial  method for the simulation of
visco-elastic flow, an evaluation of elastic effects  on  diapiric
flow  in  two-  and  three-layer models},
   booktitle = {Flow and Creep in the Solar System: Observations, Modeling  and  Theory},
   editor = {D. B. Stone  and  S. K. Runcorn},
   publisher = {Kluwer Academic Publishers},
  address = {Dordrecht, Holland},
   pages = {175--196},
   year = {1993},
  }
@article{pollitz:2002,
  author = { Pollitz, F.F.},
  title = {Regional seismic wavefield computation on a
     3-D heterogeneous Earth model by means of coupled
     traveling wave synthesis},
  journal = {Pure and Applied Geophys.},
  volume = {159},
  pages = {2085--2112},
  year = {2002},
}

@article{powell-holland:1999,
  author = {Powell, R. and Holland, T. J. B.},
  title = {Relating formulations of the thermodynamics of mineral solid solutions: Activity modeling of pyroxenes, amphiboles, and micas},
  journal = {Am. Miner.},
  volume = {84},
  pages = {1--14},
  year = {1999},
}

@book{priestly:1981,
    author = {Priestly, M. B.},
    title = {Spectral analysis and time series},
    publisher = {Academic Press, New York},
    pages = {},
    year = {1981},
    url = {},
   }
@article{pritchard-simons:2002,
  author = {Pritchard, M. E. and Simons, M.},
  title = {A satellite geodetic survey of large-scale deformation
     of volcanic centres in the central Andes},
  journal = {Nature},
  volume = {418},
  pages = {167--171},
  year = {2002},
}
@article{pyle-ivanovich-sparks:1988,
    author = {Pyle, D. M. and Ivanovich, M. and Sparks, R. S. J.},
    title = {Magma cumlate mixing identified by U-Th disequilibrium dating},
    journal = {Nature},
    publisher = {},
    volume = {331},
    number = {},
    pages = {157--159},
    year = {1988},
    url = {},
   }

%QQQQ
%RRRR
@book{ranalli:1995,
    author = {Ranalli, G.},
    title = {Rheology of the Earth, 2nd edition},
    publisher = {Chapman and Hall, London},
    year = {1995},
   }
@article{regenauer-lieb-yuen:1998,
    author = {Regenauer-Lieb, K. and D.A. Yuen},
    title = {Rapid  conversion  of  elastic energy into plastic shear heating during incipient necking of the lithosphere},
    journal = { Geophys. Res. Lett.},
    volume = {25},
    number = {14},
    pages = {2737--2740},
    year = {1998},
   }
@article{regenauer-lieb-yuen:2000,
    author = {Regenauer-Lieb, K. and D.A. Yuen},
    title = {Quasi-adiabatic  instabilities associated  with  necking  processes  of  an  elasto-viscoplastic lithosphere},
    journal = { Phys. Earth Planet Inter.},
    volume = {118},
    pages = {89--102},
    year = {2000},
   }
@article{renner-stackhert-zerbian-roller-rummel:2001,
    author = {Renner, J. and B. Stackhert and A. Zerbian and K. Roller and F. Rummel},
    title = {An experimental study into the rheology of synthetic polycrystalline coesite aggregates},
    journal = {J. Geophys. Res.},
    publisher = {},
    volume = {106},
    pages = {19411--19429},
    year = {2001},
   }
@article{reiner:1964,
    author = {Reiner, M.},
    title = {The {Deborah} number},
    journal = {Physics Today},
    publisher = {},
    volume = {17},
    pages = {62--64},
    year = {1964},
   }
@article{ribe-christensen:1994,
    author = {U. R. Christensen and Ribe, N. M.},
    title = {3-Dimensional Modeling Of Plume-Lithosphere Interaction},
    journal = {J. Geophys. Res.},
    publisher = {},
    volume = {99},
    pages = {669--682},
    year = {1994},
   }
@article{ricard-richards-lithgow-bertelloni-le-stunff:1993,
    author = {Y. Ricard and M. Richards and C. Lithgow-Bertelloni and Y. {Le Stunff}},
    title = {A geodynamic model of mantle density heterogeneity},
    journal = {J. Geophys. Res.},
    publisher = {},
    volume = {98},
    number = {21},
    pages = {895--909},
    year = {1993},
   }

@article{rice:1993,
  author = {Rice, J. R.},
  title = {Spatial-temporal complexity of slip on fault},
  journal = {J. Geophys. Res.},
  volume = {98},
  number = {},
  pages = {9885--9907},
  year = {1993},
 }

@article{rice-ruina:1983,
    author = {Rice, J.R. and  A.  L.  Ruina},
    title = {Stability  of  steady  frictional slipping},
    journal = {J. Appl. Mech.},
    volume = {105},
    pages = {343--349},
    year = {1983},
   }
@article{rowe-carlson-ketcham-denison-kappelman:1997,
    author = {Rowe, T. and Carlson, W.~D. and Ketcham, R.~A. and Denison, C. and Kappelman, J.},
    title = {High-resolution computed tomography - A breakthrough technology for earth scientists},
    journal = {Geotimes},
    publisher = {},
    volume = {42},
    number = {9},
    pages = {23--27},
    year = {1997},
   }
@article{rundle-gross-klein-ferguson-turcotte:1997,
    author = {Rundle, J. B. and  Gross,  S. and  Klein,  W. and  Ferguson,  C.  and  Turcotte, D. L.},
    title = {The statistical    mechanics    of   earthquakes},
    journal = {Tectonophysics},
    publisher = {},
    volume = {277},
    number = {},
    pages = {147--164},
    year = {1997},
    url = {},
   }

@article{rundle-klein-turcotte-malamud:2000,
    author = {Rundle, J.B. and Klein, W. and Turcotte, D.L. and B.D. Malamud},
    title = {Precursory seismic activation and critical-point phenomena},
    journal = {Pure and Applied Geophysics},
    publisher = {},
    volume = {157},
    number = {},
    pages = {2165--2182},
    year = {2000},
    url = {},
   }

%SSSS
@article{sakimoto-zuber:1995,
    author = {Sakimoto, S. E. and M. T. Zuber},
    title = {The spreading of variable-viscosity axisymmetric radial gravity currents: applications to the emplacement of Venusian 'pancake' domes},
    journal = {J. Fluid Mech.},
    publisher = {},
    volume = {301},
    pages = {65--77},
    year = {1995},
   }
@article{saleur-sammis-sornette:1996,
    author = {Saleur,  H. and  Sammis,  C.G.  and  D.  Sornette},
    title = {Discrete   scale invariance,   complex   fractal   dimensions,   and  log-periodic fluctuations in seismicity},
    journal = {J. Geophys. Res.},
    volume = {101},
    pages = {17,661--17,677},
    year = {1996},
}
@article{schmalholz-podladchikov:1999,
    author = {Schmalholz, S. and Yu. Yu. Podladchikov},
    title = {Buckling versus folding: Importance of viscoelasticity},
    journal = {Geophys. Res. Lett.},
    publisher = {},
    volume = {26},
    number = {17},
    pages = {2641--2644},
    year = {1999},
   }
@article{schmalholz-podladchikov:2000,
    author = {Schmalholz,  S.M.  and  Yu. Yu.   Podladchikov},
    title = {Finite-maplitude folding:  transition  from exponential to layer length controlled growth},
    journal = {Earth Planet. Sci. Lett.},
    volume = {179},
    pages = {363--377},
    year = {2000},
   }
@article{schmalholz-podladchikov-schmid:2001,
    author = {Schmalholz,  S.M.  and  Yu. Yu.   Podladchikov and D. W. Schmid},
    title = {A spectral/finite-difference method for simulating large deformations of heterogeneous, viscoelastic materials},
    journal = {Geophys. J. Int.},
    volume = {145},
    pages = {199--208},
    year = {2001},
   }

@article{schmalzl-hansen:2000,
    author = {Schmalzl, j. and U. Hansen},
    title = {A fully implicit model for simulating dynamo action in a cartesian domain},
    journal = {Phys. Earth Planet. Inter.},
    publisher = {},
    volume = {120},
    number = {},
    pages = {339--349},
    year = {2000},
}

@article{schmeling-monz-rubie:1998,
  author = {H. Schmeling and R. Monz and D. C. Rubie},
  title = {The influence of olivine metastability on the dynamics of subduction},
  journal = {Earth Planet. Sci. Lett.},
  volume = {165},
  pages = {55--66},
  year = {1998},
  }

@article{schmeling-monz-rubie-IOMDS:1999,
  author = {Schmeling, H. and R. Monz and D. C. Rubie},
  title = {The influence of olivine metastability on the
    dynamics of subduction},
  journal = {Earth Planet. Sci. Lett.},
  volume = {165},
  pages = {55--66},
  year = {1999},
}

@article{schott-schmeling:1998,
    author = {Schott, B. and H. Schmeling},
    title = {Delamination  and  detachment  of  a lithospheric root},
    journal = {Tectonophysics},
    volume = {296},
    pages = {225--247},
    year = {1998},
   }
@article{schott-yuen-schmeling:1999,
    author = {Schott, B. and Yuen, D. A.  and  H.  Schmeling},
    title = {Viscous heating in heterogeneous media as applied to the thermal interaction between the crust and mantle},
    journal = {Geophys. Res. Lett.},
    publisher = {},
    volume = {26},
    number = {4},
    pages = {513--516},
    year = {1999},
   }
@article{schott-yuen-schmeling:2000a,
    author = {Schott, B. and Yuen, D.A. and  H.  Schmeling},
    title = {The  significance  of shear  heating  in  continental delamination},
    journal = {Phys. Earth Planet Inter.},
    volume = {110},
    pages = {273--290},
    year = {2000},
   }
@article{schot-yuen-schmeling:2000b,
    author = {Schott, B. and  Yuen,  D.A.  and  H.  Schmeling},
    title = {The  diversity  of tectonics from fluid-dynamical modeling of the lithosphere-mantle system},
    journal = {Tectonophysics},
    volume = {321},
    pages = {35--51},
    year = {2000},
   }

@article{schott-yuen-braun-ICTR:2002,
  author = {Schott, B. and Yuen, D. A. and Braun, A.},
  title = {The Influence of Composition- and Temperature dependent
     Rheology in Thermal-Chemical Convection of the D''-layer},
  journal = {Phys. Earth Planet. Int.},
  volume = {129},
  number = {1-2},
  pages = {43--65},
  year = {2002},
}

@article{schubert-turcotte:1972,
    author = {Schubert, G. and D. L. Turcotte},
    title = {One-dimensional model of shallow mantle convection},
    journal = {J. Geophys. Res.},
    publisher = {},
    volume = {77},
    pages = {945--951},
    year = {1972},
   }
@article{schubert-froidevaux-yuen:1976,
    author = {Schubert, G. and Froidevaux, C. and D. A. Yuen},
    title = {Oceanic lithosphere and asthenosphere: thermal and mechanical structure},
    journal = {J. Geophys. Res.},
    publisher = {},
    volume = {81},
    pages = {3525--3541},
    year = {1976},
   }
@book{sethian:1999,
    author = {Sethian, J. A.},
    title = {Level Set Methods and Fast Marching Methods},
    publisher = {Cambridge Univ. Press},
    address = {Cambridge},
    year = {1999},
   }

@article{siggia:1994,
    author = {Siggia, E. D.},
    title = {High Rayleigh Number Convection},
    journal = {Annu. Rev. Fluid Mech.},
    publisher = {},
    volume = {26},
    number = {},
    pages = {137--168},
    year = {1994},
}

@article{simons-hager-solomon:1994,
    author = {Simons, M. and Hager, B. H. and S.C. Solomon},
    title = {Global  variations  in geoid/topography  admittance  of  Venus},
    journal = {Science},
    volume = {264},
    pages = {798--803},
    year = {1994},
   }
@article{simons-hager:1997,
    author = {Simons, M. and B. H. Hager},
    title = {Localization of the gravity field  and the signature of glacial rebound},
    journal = {Nature},
    publisher = {},
    volume = {390},
    pages = {500--504},
    year = {1997},
   }
@article{simons-solomon-hager:1997,
    author = {Simons, M. and  Solomon,  S. C.  and  B. H.  Hager},
    title = {Localization  of gravity  and  topography: constraints on the tectonics and mantle dynamics of Venus},
    journal = {Geophys. J. Int.},
    publisher = {},
    volume = {131},
    pages = {24--44},
    year = {1997},
   }
@article{simons-zuber-korenaga:2000,
    author = {Simons, F.J. and Zuber, M.T. and J. Korenaga},
    title = {Isostatic response  of the  Australian  lithosphere:  Estimation  of  effective  elastic thickness and anisotropy using multitaper spectral  analysis},
    journal = {J. Geophys. Res.},
    volume = {105},
    pages = {19163--19184},
    year = {2000},
   }
@article{sleep:1990,
   author = {Sleep, N. H.},
   title = {Hotspots and mantle plumes: some phenomenology},
   journal = {J. Geophys. Res.},
   volume = {95},
   pages = {6715--6736},
   year = {1990},
}
@article{spiegelman:1993,
    author = {Spiegelman,  M.},
    title = { Physics  of   melt   extraction:   Theory, implications  and applications},
    journal = {Phil. Trans. Roy.},
    publisher = {},
    volume = {342},
    pages = {23--41},
    year = {1993},
   }

@article{spiegelman:1996,
  author = {Spiegelman, M.},
  title = {Geochemical consequences of melt transport in
  2-D: the sensitivity of trace elements to mantl dynamics},
  journal = {Earth Planet. Sci. Lett.},
  volume = {139},
  number = {},
  pages = {115--132},
  year = {1996},
 }

@article{sobolev-babeyko-MMCDE:1994,
  author = {Sobolev, S. V. and  A. Yu. Babeyko},
  title = {Modeling of mineralogical composition, density and
     elastic wave velocities in anhydrous magmatic rocks},
  journal= {Surv. Geophys.},
  volume = {15},
  year = {1994},
  pages = {515--544},
}

@article{solomatov:HMLV:1996,
  author = {Solomatov, V. S.},
  title = {Can hotter  mantle  have  a  larger  viscosity?},
  journal = {Geophys. Res. Lett.},
  volume = {23},
  pages = {937--940},
  year = {1996},
}

@article{solomatov-GSDV:2001,
  author = {Solomatov, V. S.},
  title = {Grain size-dependent viscosity convection and the thermal
    evolution of the earth},
  journal = {Earth and Planetary Science Letters},
  volume = {191},
  number = {3-4},
  pages = {203--212},
  year = {2001},
}

@article{solomatov-el-khozondar-tikare:2002,
  author = {Solomatov, V. S. and R. El-Khozondar and V. Tikare},
  title = {Grain size in the lower mantle: constraints from numerical modelling of grain growth in two-phase systems},
  journal = {Phys. Earth Planet. Inter.},
  volume = {129},
  pages = {265--282},
  year = {2002},
}


@article{sommerfeld-bales-mast:1994,
  author = {Sommerfeld, R. A. and Bales, R. C. and Mast, A.},
  title = {Spatial statistics
  of snowmelt flow: Data from Lysimeters and Aerial photos},
  journal = {Geophys. Res. Lett.},
  volume = {21},
  number = {25},
  pages = {2821--2824},
  year = {1994},
 }

@article{stasuik-jaupart-sparks:1993,
    author = {Stasuik, M. V. and Jaupart, C. and R. S. J. Sparks},
    title = {Influence of cooling on lava flow dynamics},
    journal = {Geology},
    publisher = {},
    volume = {21},
    pages = {335--338},
    year = {1993},
   }
@article{steinbach-yuen:1994,
    author = {Steinbach, V.  and  D. A.  Yuen},
    title = {Melting  instabilities  in  the transition zone},
    journal = {Earth Planet. Sci. Lett.},
    publisher = {},
    volume = {127},
    pages = {67--75},
    year = {1994},
   }
%TTTT
@article{tackley:1998,
  author = {Tackley, P. J.},
  title = {Self-consistent generation of tectonic  plates  in
     three-dimensional  mantle  convection},
  journal = {Earth Planet. Sci. Lett.},
  volume = {157},
  pages = {9--22},
  year = {1998},
 }

@article{tackley:2000,
  author = {Tackley, P. J.},
  title = {Self-consistent generation of tectonic  plates  in
     time-dependent, three-dimensional mantle convection simulations,
     part 1: pseudoplastic yielding},
  journal = {Geochem. Geophys. Geosyst.},
  volume = {1},
  note = {Paper number 2000GC000036},
  year = {2000},
 }

@article{tajima-fukao-obayashi-sakurai:1998,
    author = {Tajima, F. and Fukao, Y. Obayashi, M. and T. Sakurai},
    title = {Evaluation of slab images  in  the  northwestern Pacific},
    journal = {Earth, Planets and Space },
    volume = {50},
    pages = {953--964},
    year = {1998},
   }
@article{tanimoto-okamoto:2000,
    author = {Tanimoto, T. and T. Okamoto},
    title = {Change of crustal  potential  energy by  earthquakes:  an  indicator for extensional and compressional tectonics},
    journal = {Geophys. Res. Lett.},
    volume = {27},
    pages = {2313--2316},
    year = { 2000},
   }
@article{ten-yuen-podladchikov-larsen-pachepsky-malvesky:1997,
    author = {Ten,  A. and  Yuen,  D. A. and  Podladchikov,  Yu. Yu. and  Larsen, T. B. and Pachepsky,  E.  and  Malvesky, A. V. },
    title = {Fractal features in mixing of non-Newtonian and Newtonian mantle convection},
    journal = { Earth Planet. Sci. Lett.},
    volume = {146},
    pages = { 401--414},
    year = { 1997},
   }
@article{ten-podladchikov-yuen-larsen-malevsky:1998,
    author = {Ten, A.A. and Podladchikov, Yu. Yu. and Yuen,  D.A. and  Larsen,  T.B.  and A.V. Malevsky},
    title = {Comparison of mixing properties in convection with the particle line method},
    journal = { Geophys. Res. Lett.},
    volume = {25},
    pages = {3205--3208},
    year = {1998},
   }
@article{ten-yuen:1999,
    author = {Ten,  A.A. and  Yuen,  D.A.},
    title = {Time-dependent  formation  of  mantled inclusion  structures  for  different  rheologies  under a simple shear},
    journal = {Earth \&  Planetary  Science  Letters},
    volume = {165},
    pages = {25--35},
    year = {1999},
   }
@article{ten-yuen-podladchikov:1999,
    author = {Ten,  A.A. and  Yuen,  D.A. and Podladchikov, Yu. Yu.},
    title = {Visualization and analysis of mixing dynamical properties in convecting systems with different rheologies},
    journal = {Electronic Geosciences},
    volume = {4},
    pages = {},
    year = {1999},
   }
@article{toth-gurnis:1998,
    author = {Toth, J. and M. Gurnis},
    title = {Dynamics of subduction initiation at preexisting fault zones},
    journal = {J. Geophys. Res.},
    publisher = {},
    volume = {103},
    pages = {18053--18067},
    year = {1998},
   }
@article{trompert-hansen:1998,
    author = {Trompert, R. and Hansen, U.},
    title = {Mantle  convection  simulations  with rheologies
       that  generate plate-like behavior},
    journal = {Nature},
    publisher = {},
    volume = {395},
    number = {},
    pages = {686--689},
    year = {1998},
    url = {},
   }
@article{turcotte-malamud:2000,
    author = {Turcotte,D. L.  and B. Malumud},
    title = {Wavelet analysis of ice sheet topography},
    journal = {American Geophysical Union Fall Meeting Abstract},
    publisher = {},
    volume = {},
    pages = {},
    year = {2000},
   }

@book{turcotte-schubert-ACPGP:1982,
  author = {Turcotte, D. L. and G. Schubert},
  title = {Geodynamics: Application of Continuum Physics to Geological problems},
  publisher = {John Wiley, New York},
  pages = {},
  year = {1982},
}

%UUUU
@inproceedings{ungan:1996,
    author = {Ungan, A.},
    title = {Numerical Simulation of Glass Melting Furnaces, A Review},
    booktitle = {Proceedings of the International Symposium on Glass Problems},
    month = {Sept. 4-6},
    publisher = {},
    volume = {},
    pages = {},
    meeting = {},
    year = {1996},
    html = {http://www.engr.iupui.edu/~ungan/istpap.html}
   }
%VVVV
@article{vasilyev-ten-yuen:2000,
    author = {Vasilyev, O. V. and Ten, A. A. and Yuen, D. A.},
    title = {Temperature-dependent viscous gravity currents with shear heating},
    journal = {{\em Submitted to} Phys. Fluids},
    publisher = {},
    volume = {},
    number = {},
    pages = {},
    year = {2000},
   }

@article{vecsey-matyska:2001,
    author = {Vecsey, L. and C. Matyska},
    title = {Wavelet spectra and chaos  in  thermal convection modelling, submitted to Geophys},
    journal = {Geophys. Res. Lett.},
    publisher = {},
    volume = {28},
    number = {2},
    pages = {395--398},
    year = {2001},
   }
@article{vescey-hier-yuen-sevre:2000,
    author = {Vescey, L. and Hier, C. and Yuen,D.A. and E.O. Sevre},
    title = {Two-dimensional Wavelet Analysis Applied to Geoid Anomalies, Mixing and High
Rayleigh number mantle convection},
    journal = {American Geophysical Union Fall Meeting Abstract},
    volume = {},
    pages = {},
    year = {2000},
   }
@article{vincent-yuen:1988,
    author = {Vincent,  A.P.  and  D.A.  Yuen},
    title = {Thermal  attractor  in  chaotic convection  with  high  Prandtl number fluids},
    journal = {Phys. Rev. A.},
    volume = {38},
    pages = {328--334},
    year = { 1988},
   }

@article{vincent-meneguzzi:1994,
    author = {Vincent, A. P. and Meneguzzi, M.},
    title = {The dynamics of vorticity tubes in homogeneous turbulence},
    journal = {J. Fluid Mechanics},
    publisher = {},
    volume = {258},
    number = {},
    pages = {245--254},
    year = {1994},
}

@article{vincent-yuen:2000,
  author = {Vincent, A. P. and Yuen, D. A.},
  title = {Transition to tubulent thermal convection
  beyond ${R}a=10^{10}$ detected in numerical simulations},
  journal = {Phys. Rev. E},
  volume = {61},
  number = {5},
  pages = {5241--5247},
  year = {2000},
 }

@article{viskanta:1994,
    author = {Viskanta, R.},
    title = {Review of three-dimensional modeling of glass melting, Journal of non-Crystalline Solids},
    journal = {Journal of non-Crystalline Solids},
    publisher = {},
    volume = {177},
    pages = {347--362},
    year = {1994},
   }
%WWWW
@article{widiyantar-kennett-van-der-hilst:1998,
    author = {Widiyantaro,  S. and  Kennett,  B. L. N.  and  R.D.  {Van  der   Hilst}},
    title = {Extending  shear-wave tomography for the lower mantle using {S} and {SKS} arrival time data},
    journal = {Earth Planet. Space},
    volume = {50},
    pages = {999--1012},
    year = {1998},
   }
@article{wylie-lister:1998,
    author = {Wylie, J. and J. R. Lister},
    title = {Stability of straining flow with surface cooling and temperature-dependent viscosity},
    journal = {J. Fluid Mech.},
    publisher = {},
    volume = {365},
    pages = {369--381},
    year = {1998},
   }
%XXXX
@article{xu-brennecke-stadtherr:2002,
    author = {G. Xu and J.~F. Brennecke and M.~A. Stadtherr},
    title = {Reliable computation of phase stability and equilibrium from the SAFT equation of state},
    journal = {Ind. Eng. Chem. Res.},
    publisher = {},
    volume = {41},
    number = {5},
    pages = {938--952},
    year = {2002},
   }
%YYYY

@article{yardley:1989,
    author = {Yardley, B. W. D.},
    title = {An introduction to metamorphic petrology},
    journal = {Earth Sciences Series},
    publisher = {Longman},
    volume = {98},
    pages = {248},
    year = {1989},
   }
@article{yuen-hansen-zhao-vincent-malevsky:1993,
    author = {Yuen, D. A. and Hansen, U. and Zhao,  W. and
       Vincent,  A. P.  and  A. V.  Malevsky},
    title = {Hard turbulent thermal convection and thermal evolution
    of the mantle},
    journal = {J. Geophys. Res.},
    publisher = {},
    volume = {98},
    number = {E3},
    pages = {5355--5373},
    year = {1993},
    url = {},
   }
@article{yuen-garbow-olson-boggs:2001,
  author = {Garbow, Z.A. and Olson, N.R. and
      Yuen, D. and Boggs, J.M.},
  year = {2001},
  title = {Interactive Web-Based Map:
      Applications to Large Data Sets in the Geosciences},
  journal = {Electronic Geosciences},
  volume = {6},
  note = {http://link.springer.de/link/service/journals/10069/free/technic/webbased/index.htm},
}

@inProceedings{yuen-garbow-erlebach-WBPSE:2002,
  title = {Web- and Wavelet-Based Problem Solving
    Environment (PSE) for Data Analysis and Visualization
    in the Geosciences},
  author = {Yuen, David A. and Garbow, Zachary A. and Erlebacher, Gordon},
  booktitle = {Workshop on Innovative Solutions for Grid Computing, June 2003,
    ICCS Conference, Melbourne, Australia},
  year = {2002},
  note = {Submitted},
}

@article{yuen-tovish-schubert:1978,
    author = {Yuen, D. A. and Tovish, A. and G. Schubert},
    title = {Shear flow beneath oceanic plates: local,  nonsimilarity boundary layer solutions with olivine rheology},
    journal = {J. Geophys. Res.},
    publisher = {},
    volume = {83},
    pages = {759--769},
    year = {1978},
   }
@inproceedings{yuen-vincent-bergeron-dubuffet-ten-steinbach-starinungan:2000,
    author = {Yuen, D.A. and Vincent, A.P. and Bergeron, S.Y and Dubuffet, F. and Ten, A.A. and
Steinbach, V.C. and L. Starinungan},
    title = {Crossing of scales and nonlinearities in geophysical processes},
    booktitle = {Crossing of scales and nonlinearities in geophysical processes},
    month = {},
    publisher = {},
    editor = {E. Boschi and G. Ekstrom and A. Morelli},
    address = {Editrice Compositori, Bologna, Italy},
    volume = {},
    pages = {},
    meeting = {},
    year = {2000},
   }
@article{yuen-vincent:2000,
    author = {Yuen, D.A. and A.P. Vincent},
    title = {Visual Computing and Analysis of Complex Nonlinear Geophysical Phenomena },
    journal = {American Geophysical Union Fall Meeting Abstract},
    volume = {},
    pages = {},
    year = {2000},
   }
@article{yuen-vincent-kido-vecsey:2002,
    author = {D. A. Yuen and A. P. Vincent and M. J. B. Kido and L. Vecsey},
    title = {Geophysical applications of multidimensional filtering with wavelets},
    journal = {Pure and Applied Geophysics},
    publisher = {},
    volume = {159},
    number = {10},
    pages = {2285--2309},
    year = {2002},
   }
%ZZZZ
@article{zhang-yuen:1996,
    author = {Zhang, S. and D. A. Yuen},
    title = {Intense local toroidal motion generated by variable viscosity compressible convection in 3-D spherical-shell},
    journal = {Geophys. Res. Let.},
    publisher = {},
    volume = {23},
    number = {22},
    pages = {3135--3138},
    year = {1996},
   }
@article{zocchi-moses-libchaber:1990,
    author = {Zocchi, G. and Moses,  E. and  Libchaber  A.},
    title = {Coherent  structures  in turbulent  convection,  an  experimental  study},
    journal = {Physica},
    volume = {166},
    pages = {387--407},
    year = {1990},
}
