%
%       BIBLIOGRAPHY OF WAVELET IN ODES AND PDES
%
%                         OLEG V. VASILYEV


@article{,
    author = {},
    title = {},
    journal = {},
    publisher = {},
    volume = {},
    pages = {},
    year = {},
   }


%AAAA

@book{aho:1983,
 author  = {Aho, A.V.},
 title = {Data Structures and Algorithms},
 publisher = {Addison-Wesley},
 address = {},
 year = {1983},
}

@INCOLLECTION{andersson-hall-jawerth-peters:1994,
  author = {Andersson, L. and Hall, N. and Jawerth, B. and Peters, G.},
  title = {Wavelets on a Closed Subsets of the Real Line},
  booktitle = {Recent Advances in Wavelet Analysis},
  editor = {Schumaker, L. L. and Webb, G.},
  publisher = {Academic Press},
  pages = {1--61},
  year = {1994},
}

@article{antoniadis-bigot-sapatinas:2001,
    author = {Antoniadis, A. and Bigot, J. and Sapatinas, T.},
    title = {Wavelet estimators in nonparametric regression: a comparative simulation study},
    journal = {J. Stat. Software},
    publisher = {},
    volume = {6},
    number = {6},
    pages = {1--83},
    year = {2001},
   }

%BBBB

@book{babuska:1984,
 author  = {I. Babuska and  J. Chandra and J. E. Flaherty},
 title = {Adaptive Computational Methods for Partial Differential Equations},
 publisher = {SIAM},
 address = {Philadelphia},
 year = {1984},
}

@article {bacry-mallat-papanicolaou:1992,
 title   = {A wavelet based space-time adaptive numerical method for partial differential equation},
 author  = {E. Bacry and S. Mallat and G. Papanicolaou},
 journal = {Math. Model. Num. Anal.},
 volume  = {26},
 number  = {7},
 pages = {793--834},
 year =    {1992},
}

@article{bakshi:1999,
    author = {Bakshi, B. R.},
    title = {Multiscale Analysis and Modeling Using Wavelets},
    journal = {Journal of Chemometrics},
    publisher = {},
    volume = {13},
    pages = {415--434},
    year = {1999},
   }
@article{barinka-etal:2001,
 Author = {Barinka, A. and Barsch, T. and Charton, P. and Cohen, A. and Dahlke, S. and Dahmen, W. and Urban, K.},
 Title = {Adaptive wavelet schemes for elliptic problems - impelementation and numerical experiments},
 Journal = {{SIAM} J. Sci. Comput.},
 Volume = {23},
 Number = {3},
 Year = {2001},
 Pages = {910--939},
}
@article {basdevant-etal:1986,
 author  = {Basdevant, C. and  Deville, M. and Haldenwang, P. and Lacroix, J. M. and Quazzani, R. and Peyret, R. and Orlandi, P. and Patera, A. T.},
 title   = {Spectral and finite difference solutions of the {Burgers} equation},
 journal = {Comput. \& Fluids.},
 volume  = {14},
 number  = {23},
 pages = {793--834},
 year =    {1986},
}

@book{berg:1999,
    editor = {Van den Berg, J. C.},
    title = {Wavelets in Physics},
    publisher = {Cambridge University Press},
    volume = {},
    number = {},
    pages = {447},
    year = {1999},
   }

@article{bertelrud-erlebacher-dussouillez-liandrat-moretbailly-tchamitchian:1992,
    author = {Bertelrud, A. and Erlebacher, G. and Dussouillez, Ph. and Liandrat M. P.
       and Bailly, F. Moret and Tchamitchian, Ph.},
    title = {Development of wavelet analysis tools for turbulence},
    journal = {Interim ICASE Report},
    publisher = {},
    volume = {},
    number = {},
    pages = {10},
    year = {1992},
}

@INCOLLECTION{bertoluzza-naldi-ravel:1994,
  author = {Bertoluzza, S. and Naldi, G. and Ravel, J. C.},
  title = {Wavelet Methods for the Numerical Solution of Boundary
Value Problems on the Interval},
  booktitle = {Wavelets: Theory, Algorithms, and Applications},
  editor = {Chui, C. K. and Montefusco, L. and Puccio, L.},
  publisher = {Academic Press, Inc.},
  pages = {425--448},
  year = {1994},
}

@article {beylkin-keiser:1997,
 author  = {Beylkin, G. and Keiser, J.},
 title   = {On the adaptive numerical solution of nonlinear partial differential equations in wavelet bases},
 journal = {J. Comput. Phys.},
 volume  = {132},
 pages = {233--259},
 year =    {1997},
}

@article{beylkin:1992,
  title =    {On the representation of operators in bases of compactly supported wavelets},
  author =   {G. Beylkin},
  journal =  {SIAM J. Numer. Anal.},
  volume =   {29},
  year =     {1992},
  pages =    {1716--1740},
}

@article{bockhorn-frohlich-schneider:1999,
    author = {Bockhorn, H and Fr\"ohlich, J. and Schneider, K.},
    title = {An adaptive two-dimensional wavelet-vaguelette algorithm for the computation of flame balls},
    journal = {Comb. Theor. Model.},
    publisher = {},
    volume = {3},
    pages = {177--198},
    year = {1999},
   }

@book{brassard:1996,
 author  = {Brassard, G.},
 title = {Fundamentals of Algorithmics},
 publisher = {Prentice Hall},
 address = {},
 year = {1996},
}

@Article{bruce-gao:1996,
  title =        {Understanding {W}ave{S}hrink: {V}ariance and Bias
                 Estimation},
  author =       {A. Bruce and H.-Y. Gao},
  journal =      {Biometrika},
  volume =       {83},
  number =       {4},
  year =         {1996},
}

@book{burke-hubbard:1998,
    author = {Burke-Hubbard, B.},
    title = {The World according to Wavelets},
    journal = {},
    publisher = {AK. Peters, Wellesley, MA},
    volume = {},
    number = {},
    pages = {245},
    year = {1998},
   }

%CCCC

@book {Chui:Introduction,
 title   = {An Introduction to Wavelets},
 author  = {C. K. Chui},
 publisher = {Academic Press},
 year    = {1992},
}


@book {Cotte:vortex,
 title   = {Vortex Methods: Theory and Applications},
 author  = {G. H. Cottet and P. D. Koumoutsakos},
 publisher = {Cambridge Univ Press},
 year    = {2000},
}

@Article{cai-brown:1998,
  title =    {Wavelet Shrinkage for Nonequispaced Samples},
  author =   {T. Tony Cai and Lawrence D. Brown},
  journal =  {Annals of Statistics},
  volume =   {26},
  number =   {5},
  year =     {1998},
  pages =    {1783--1799},
}

@article{cai-wang:1996,
  author = {Cai, W. and Wang, J. Z. },
  title = {Adaptive multiresolution collocation methods
for initial boundary value problems of nonlinear PDEs},
  journal = { SIAM J. Numer. Anal.},
  volume = {33},
  pages = {937--970},
  year = {1996},
}

@article{candes-donoho:1999b,
    author = {E. J. Candes and D. L. Donoho},
    title = {Curvelets},
    journal = {Available: http://www-stat.stanford.edu/~donoho/Reports/1999/curvelets.pdf},
    publisher = {},
    volume = {},
    pages = {},
    year = {1999},
   }

@article{chang-yu-vetterli:2000,
    author = {S. G. Chang and B. Yu and M. Vetterli},
    title = {Adaptive wavelet thresholding for image denoising and compression},
    journal = {IEEE Trans. IP},
    publisher = {},
    volume = {9},
    number = {9},
    pages = {1532--1546},
    year = {2000},
   }


@INCOLLECTION{chui-quak:1992,
  author = {Chui, C. K. and Quak, E.},
  title = {Wavelets on a Bounded Interval},
  booktitle = {Numerical Methods of Approximation Theory},
  editor = {Braess, D. and Schumaker, L. L.},
  volume = {105},
  publisher = {Birkh{{\"a}}user Verlag, Basel},
  series = {International Series of Numerical Mathematics},
  pages = {53--75},
  year = {1992},
}


@Book{chui:1997,
  title =        "Wavelets: {A} Mathematical Tool for Signal Analysis",
  author =       "Charles K. Chui",
  series =       "SIAM Monographs on Mathematical Modeling and Computation",
  year =         "1997",
  publisher =    {SIAM},
  address =      "Philadelphia",
}

@article{cohen-dahmen-devore:2001,
    author = "Albert Cohen and Wolfgang Dahmen and Ronald {DeVore}",
    title = "Adaptive wavelet methods for elliptic operator equations: {Convergence} rates",
    journal = "Math. Comput.",
    volume = "70",
    number = "233",
    pages = "27--75",
    year = "2001",
}

@article{cohen-daubechies-feauveau:1992,
 title   = {Bi-orthogonal bases of compactly supported wavelets},
 author  = {A. Cohen and I. Daubechies and J. Feauveau},
 Journal = {Comm. Pures and Appl. Math.},
 Volume = {45},
 Year = {1992},
 Pages = {485--560},
}

@article{cohen-daubechies:1993,
 Author = {Cohen, A. and Daubechies, I.},
 Title = {Wavelets on the interval and fast wavelet transforms},
 Journal = {Appl. Comput. Harmon. Anal.},
 Volume = {1},
 Year = {1993},
 Pages = {54--81},
}

@article{cohen-daubechies:1993a,
 title   = {Non-Separable Bidimensional Wavelet Bases},
 author  = {A. Cohen and I. Daubechies},
 Journal = {Rev. Mat. Iberoamericana},
 Volume = {9},
 Year    = {1993},
 Pages = {51--137},
}

@article{cohen-masson:1999,
 Author = {Cohen, A. and Masson, R.},
 Title = {Wavelet methods for second-order elliptic problems, preconditioning, and adaptivity},
 Journal = {{SIAM} J. Sci. Comput.},
 Volume = {21},
 Number = {3},
 Year = {1999},
 Pages = {1006--1026},
}
@book{cormen:1990,
 author  = {Cormen, T. H.},
 title = {Introduction to Algorithms},
 publisher = {McGraw-Hill},
 address = {},
 year = {1990},
}

%DDDD

@article{dahlke-dahmen-hochmuth-schneider:1997,
 Author = {Dahlke, S. and Dahmen, W. and Hochmuth, R. and  Schneider, R.},
 Title = {Stable multiscale bases and local error estimation for elliptic problems},
 Journal = {Appl. Numer. Math.},
 Volume = {23},
 Year = {1997},
 Pages = {21--47},
}

@article{dahmen-kunoth:2001,
    author = "Wolfgang Dahmen and Angela Kunoth",
    title = "Appending boundary conditions by {Lagrange} multipliers: Analysis of the {LBB} condition",
    journal = "Numerische Mathematik",
    volume = "88",
    number = "1",
    pages = "9--42",
    year = "2001" }

@article{ dahmen:1997,
    author = "W. Dahmen",
    title = "Wavelet and multiscale methods for operator equations",
    journal = "Acta Numerica",
    volume = "6",
    pages = "55--228",
    year = "1997" }

@article{daubechies-sweldensds:1998,
    author = {Daubechies, I. and Sweldens, W.},
    title = {Factoring Wavelet Transforms into Lifting Steps},
    journal = {J. Fourier Anal. Appl.},
    volume = {4},
    number = {3},
    pages = {245--267},
    year = {1998},
   }

@article{daubechies:1988,
  author    = {Daubechies, I.},
  title     = {Orthonormal Bases of Compactly Supported Wavelets},
  journal   = {Comm. Pure and Appl. Math.},
  volume    = {41},
  year      = {1988},
  pages     = {909--996},
}

@article{daubechies:1990,
    author = {Daubechies, I.},
    title = {The wavelet transform, time-frequency localization and
    signal analysis},
    journal = {IEEE Trans. Inform. Theory},
    publisher = {},
    volume = {36},
    number = {},
    pages = {961--1005},
    year = {1990},
   }

@book{daubechies:1992,
 author  = {Daubechies, I.},
 title = {Ten Lectures on Wavelets},
 series = {CBMS-NSF Series in Applied Mathematics},
 number = {61},
 publisher = {SIAM},
 address = {Philadelphia},
 year = {1992},
}

@article{deslauriers-dubuc:1989,
    author = {Deslauriers, G. and Dubic, S.},
    title = {Symmetric iterative interpolation process},
    journal = {Constr. Approx.},
    publisher = {},
    volume = {5},
    pages = {49--68},
    year = {1989},
   }

@article{devore-jawerth-lucier:1992,
   author = {R. A. DeVore and B. Jawerth and B. J. Lucier},
   title = {Image Compression Through Wavelet Transform Coding},
   journal = {IEEE Trans. Inform. Theory},
   number = {2},
   pages = {719-746},
   volume = {38},
   year = {1992},
}

@article{dinov-sumners:2001,
    author = {Ivo D. Dinov and De Witt L. Sumners},
    title = {Applications of Frequency Dependent Wavelet Shrinkage to Analyzing Quality of Image Registration},
    journal = {SIAM J. Appl. Math.},
    publisher = {},
    volume = {62},
    number = {2},
    pages = {367--384},
    year = {2001},
   }

@article{donoho-duncan:2000,
    author = {D. L. Donoho and M. R. Duncan},
    title = {Digital curvelet transform: Strategy, implementation and experiments},
    journal = {Proc. SPIE},
    publisher = {},
    volume = {4056},
    number = {},
    pages = {12--29},
    year = {2000},
   }
@incollection{donoho-huo:2002,
   author = {Donoho, D.L. and Huo, X.},
   title = {Beamlets and Multiscale Image Analysis},
   booktitle = {Multiscale and Multiresolution Methods:
       Theory and Applications},
   editor = {Barth, T.J. Barth et al.},
   pages = {149--196},
   publisher = {Springer Verlag, New York},
   year = {2002},
}

@article{donoho-johnstone:1994,
   author = {D. L. Donoho and I. M. Johnstone},
   title = {Ideal Spatial Adaptation via Wavelet Shrinkage},
   journal = {Biometrika},
   year = {1994},
   pages = {425--455},
   volume = {81},
}

@article{donoho-johnstone:1998,
  title =    {Minimax estimation via wavelet shrinkage},
  author =   {David L. Donoho and Iain M. Johnstone},
  journal =  {Annals of Statistics},
  volume =   {26},
  number =   {3},
  year =     {1998},
  pages =    {879--921},
}

@techreport{donoho:1992,
  title =        {Interpolating Wavelet Transforms},
  author =       {Donoho, D. L.},
  year =         {1992},
  number =       {408},
  institution =  {Department of Statistics, Stanford University},
}

@article{donoho:1993,
 author  = {Donoho, D.},
 title   = {Unconditional Bases are Optimal Bases for Data Compression and for Statistical Estimation},
 journal = {Appl. Comput. Harmon. Anal.},
 volume  = {1},
 pages = {100--115},
 year =  {1993},
}

@article{donoho:1994,
   author = {D. L. Donoho},
   journal = {IEEE Trans. Inf. Theory},
   title = {De-noising by soft-thresholding},
   pages = {613--627},
   volume = {41},
   number = {3},
   year = {1994},
}

@article{donoho:1997,
    author = {D. L. Donoho},
    title = {Fast ridgelet transforms in dimension 2},
    journal = {Stanford Univ., Dept. Statist., Stanford, CA, Tech. Rep.},
    publisher = {},
    volume = {},
    pages = {},
    year = {1997},
   }

@article{donoho:1999,
    author = {D. L. Donoho},
    title = {Wedgelets: Nearly-minimax estimation of edges},
    journal = {Ann. Statist.},
    publisher = {},
    volume = {27},
    pages = {859--897},
    year = {1999},
   }

@article{donoho:2000,
    author = {D. L. Donoho},
    title = {Orthonormal ridgelets and linear singularities},
    journal = {SIAM J. Math Anal.},
    publisher = {},
    volume = {31},
    number = {5},
    pages = {1062--1099},
    year = {2000},
   }

@article{donoho:2001,
    author = {D. L. Donoho},
    title = {Ridge functions and orthonormal ridgelets},
    journal = {J. Approx. Theory},
    publisher = {},
    volume = {111},
    number = {2},
    pages = {143--179},
    year = {2001},
   }

%EEEE

@book{erlebacher-hussaini-jameson:1996,
    editor = {Erlebacher, G. and Hussaini, M. Y.  and Jameson, L. M.},
    title = {Wavelets: Theory and Applications},
    publisher = {Oxford University Press},
    year = {1996},
   }

%FFFF

@article{farge-kevlahan-perrier-goirand:1996,
  journal =      {Proceedings of the IEEE},
  volume =       {84},
  number =       {4},
  year =         {1996},
  pages =        {639--669},
  title =        {{W}avelets and turbulence},
  author =       {M. Farge and N. Kevlahan and V. Perrier and U. Goirand},
}

@article{farge-pellegrino-schneider:2001,
    author = {M. Farge and G. Pellegrino and K. Schneider},
    title = {Coherent Vortex Extraction in 3D turbulent flows
       using orthogonal wavelets},
    journal = {Physical Review Letters},
    publisher = {},
    volume = {87},
    number = {5},
    pages = {},
    year = {2001},
   }
@article{farge-schneider-kevlahan:1999,
 author  = {M. Farge and K. Schneider and N. Kevlahan},
 title   = {{Non-Gaussianity} and Coherent Vortex Simulation for Two-Dimensional Turbulence Using an Adaptive Orthogonal Wavelet Basis},
 journal = {Phys. Fluids.},
 volume  = {11},
 number  = {8},
 pages = {2187--2201},
 year =    {1999},
}

@incollection {farge-schneider:2000,
  title =    {{CVS} decompostion of three-dimensional homogeneous turbulence using orthogonal wavelets},
  author =   {Farge, M. and Schneider, K. and Pellegrino, G. and Wray, A. and Rogers, M.},
  booktitle = { Proceedings of the 2000 Summer Program},
  publisher = {Center for Turbulence Research},
  pages = {305-317},
  year = {2000},
}

@article{farge-schneider:2001,
 author  = {M. Farge and K. Schneider },
 title   = {Coherent vortex simulation ({CVS}), a semi-deterministic turbulence model using wavelets},
 journal = {Flow, Turbulence and Combustion},
 volume  = {66},
 number  = {},
 pages = {393-426},
 year =    {2001},
}
@article{farge:1992,
   author = {M. Farge},
   journal = {Annual Review of Fluid Mechanics},
   pages = {395--457},
   title = {Wavelet Transforms and their Application to Turbulence},
   volume = {24},
   year = {1992},
}

@article{fatkullin-hesthaven:2001,
    author = {I. Fatkullin and J. S. Hesthaven},
    title = {Adaptive High-Order Finite-Difference Method for Nonlinear Wave Problems},
    journal = {J Sci. Comp.},
    publisher = {},
    volume = {16},
    number = {1},
    pages = {47--67},
    year = {2001},
   }

@book{flaherty:1989,
 author  = {J. E. Flaherty},
 title = {Adaptive Methods for Partial Differential Equations},
 publisher = {SIAM},
 address = {Philadelphia},
 year = {1989},
}

@article{frohlich-schneider:1994,
    author = {Fr\"ohlich, J. and Schneider, K.},
    title = {An Adaptive Wavelet Galerkin Algorithm for One-Dimensional and 2-Dimensional Flame Computations},
    journal = {Europ. J. Mech. B-Fluids },
    publisher = {},
    volume = {13},
    pages = {439--471},
    year = {1994},
   }
@article{frohlich-schneider:1996,
    author = {Fr\"ohlich, J. and Schneider, K.},
    title = {Numerical Simulation Of Decaying Turbulence In An Adaptive Wavelet Basis},
    journal = {Appl. Comput. Harm. Anal.},
    publisher = {},
    volume = {3},
    pages = {393--397},
    year = {1996},
   }
@article{frohlich-schneider:1997,
    author = {Fr\"ohlich, J. and Schneider, K.},
    title = {An adaptive wavelet-vaguelette algorithm for the solution of PDEs},
    journal = {J. Comput. Phys.},
    publisher = {},
    volume = {130},
    pages = {174--190},
    year = {1997},
   }

@article{frohlich-schneider:1999,
    author = {Fr\"ohlich, J. and Schneider, K.},
    title = {Computation of Decaying Turbulence in an Adaptive Wavelet Basis},
    journal = {Physica D },
    publisher = {},
    volume = {134},
    pages = {337--361},
    year = {1999},
   }

%GGGG

@article{gao-yang-hu-hu:2001,
    author = {Gao, J. B. and Yang, H. and  Hu,  X.~Y. and Hu,  D.~C.},
    title = { Maximal entropy principle wavelet denoising},
    journal = {Spectroscopy and Spectral Anal.},
    publisher = {},
    volume = {25},
    number = {5},
    pages = {620--622},
    year = {2001},
   }

@article{gao:1997,
  title =        {Choice of Thresholds for Wavelet Shrinkage Estimate of the Spectrum},
  author =       {H.-Y. Gao},
  journal =      {J. Time Series Analysis},
  volume =       {18},
  number =       {3},
  year =         {1997},
  }

@article{glowinski-rieder-wells-zhou:1995,
    author = "R. Glowinski and A. Rieder and R. O. Wells and X. Zhou",
    title = "A Preconditioned {CG}-Method for Wavelet-Galerkin Discretizations of Elliptic Problems",
    booktitle = "Proc. {GAMM} Annual Meeting",
    journal = "Z. angew. Math. Mech.",
    volume = "75",
    pages = "683--684",
    year = "1995"
    }

@book{gottlieb-orszag:1977,
 Author = {D. Gottlieb and S. A. Orszag},
 Title = {Numerical Analysis of Spectral Methods: Theory and Applications},
 Series = {MSF-CBMS Monograph 26},
 Publisher = {SIAM},
 Address = {Philadelphia},
 Year = {1977},
 }

@article{goupillaud-grossman-morlet:1984,
   author = {P. Goupillaud and A. Grossman and J. Morlet},
   title = {Cyclo-Octave and Related Transforms in Seismic Signal Analysis},
   journal = {Geoexploration},
   pages = {85--102},
   volume = {23},
   year = {1984}
}

@article{grassia:1998,
  author = {Grassia, F. S.},
  title = {Practical Parameterization of Rotations Using the Exponential
    Map},
  journal = {Journal of Graphics Tools},
  volume = {3},
  number = {3},
  year = {1998},
}

%HHHH

@article{harten:1994,
    author = {Harten, A.},
    title = {Adaptive multiresolution schemes for shock computations},
    journal = {J. Comput. Phys},
    publisher = {},
    volume = {115},
    pages = {319--338},
    year = {1994},
   }

@article{harten:1995,
    author = {Harten, A.},
    title = {Multiresolution algorithms for the numerical solution of hyperbolic conservation laws},
    journal = {Comm. Pure Appl. Math.},
    publisher = {},
    volume = {48},
    pages = {1305--1342},
    year = {1995},
   }

@article{holmstrom-walden:1998,
  Author = {Holmstrom, M. and Walden, J.},
  Title = {Adaptive Wavelet Methods for Hyperbolic {PDE}s},
  journal = {J. Sci. Comput.},
  volume = {13},
  pages = {19--49},
  year = {1998},
}

@techreport{holmstrom:1997,
 Author = {Holmstrom, M.},
 Title = {Solving Hyperbolic {PDEs} using interpolating wavelets},
 Year = {1997},
 Institution = {Dept. of Scientific Computing, Uppsala University},
     }

@article{holmstrom:1999,
  Author = {Holmstrom, M.},
  Title = {Solving Hyperbolic {PDEs} using interpolating wavelets},
  journal = { SIAM J. Sci. Comput.},
  volume = {21},
  number = {2},
  pages = {405--420},
  year = {1999},
}
@article{huang-bau:1995,
    author = {Y. Huang and H. H. Bau},
    title = {Thermoacoustic waves in semi-infinite medium},
    journal = {Int. J. Heat Mass Transfer},
    publisher = {},
    volume = {40},
    number={8},
    pages = {407--419},
    year = {1997},
   }

@article{huang-bau:1997,
    author = {Y. Huang and H. H. Bau},
    title = {Thermoacoustic waves in confined medium},
    journal = {Int. J. Heat Mass Transfer},
    publisher = {},
    volume = {38},
    number={8},
    pages = {1329--1349},
    year = {1995},
   }

@article{huang-cressie:2000,
    author = {Huang,  H. C. and Cressie, N.},
    title = {Deterministic/stochastic wavelet decomposition for recovery of signal from noisy data},
    journal = {Technometrics},
    publisher = {},
    volume = {42},
    number = {3},
    pages = {262--276},
    year = {2000},
   }

%IIII
%JJJJ


@article{jaffard:1992,
    author = {S. Jaffard},
    title = {Wavelet methods for fast resolution of elliptic problems},
    journal = {{SIAM} J. Numer. Anal.},
    publisher = {},
    volume = {29},
    pages = {965--986},
    year = {1992},
   }

@article{jameson-miyama:2000,
   author = {Jameson, L. and Miyama, T.},
   title = {Wavelet analysis and ocean modeling:
      A dynamically adaptive numerical method "WOFD-AHO"},
   journal = {Monthly Weather Review},
   volume = {128},
   pages = {1536--1548},
   year = {2000},
}

@phdthesis{jameson:1993,
 Author = {Jameson, L.},
 Title = {Wavelets and Numerical Methods},
 Year = {1993},
 school = {Brown University},
 address = {Providence, RI},
}

@techreport{jameson:1994,
 Author = {Jameson, L.},
 Title = {On the wavelet optimized finite difference method},
 Year = {1994},
 Number = {94-09},
 Institution = {Inst. for Comp. Appl. in Sci. and Eng., NASA Langley
    Res. Cent., Hampton, VA 23681},
 URL = {ftp://ftp.icase.edu/pub/techreports/94/94-09.ps.Z},
 Size = {674,125},
 Pages = {45},
 Abstract = {This introduces a wavelet-optimized finite difference method
    which is equivalent to a wavelet method in its multiresolution approach
    but which does not suffer from difficulties with nonlinear terms and
    boundary conditions, since all calculations are done in physical space.
    With this method an arbitrarily good approximation to a conservative
    difference method for solving nonlinear conservation laws can be
    obtained.},
}

@techreport{jameson:1996,
 Author = {Jameson, L.},
 Title = {A wavelet-optimized very high order adaptive grid and
order numerical method},
 Year = {1996},
 Number = {96-30},
 Institution = {Inst. for Comp. Appl. in Sci. and Eng., NASA Langley
    Res. Cent., Hampton, VA 23681},
}

@article{jameson:1998,
  author = {Jameson, L.},
  title = {A wavelet-optimized, very high order adaptive grid and
order numerical method},
  journal = { SIAM J. Sci. Comput.},
  volume = {19},
  number = {6},
  pages = {1980--2013},
  year = {1998},
}

@article{jansen-malfait-bultheel:1997,
    author = {M. Jansen and M. Malfait and A. Bultheel},
    title = {Generalized cross
validation for wavelet thresholding},
    journal = {Signal Processing},
    publisher = {},
    volume = {56},
    number = {1},
    pages = {33--44},
    year = {1997},
   }@article{grassia:1998,
  author = {Grassia, F. S.},
  title = {Practical Parameterization of Rotations Using the Exponential
    Map},
  journal = {Journal of Graphics Tools},
  volume = {3},
  number = {3},
  year = {1998},
}

@article {jimenez-moin:1991,
 author  = {J. Jimenez and P.  Moin},
 title   = {The Minimal Flow Unit in Near-wall turbulence},
 journal = {J.\ Fluid Mech.},
 volume  = {225},
 pages = {213--2406},
 year =    {1991},
}

@article{johnstone-silverman:1997,
  journal =      {J. Royal Stat. Soc. B},
  volume =       {59},
  number =       {2},
  year =         {1997},
  pages =        {319--351},
  title =        {{W}avelet threshold estimators for data with correlated noise},
  author =       {I. M. Johnstone and B. W. Silverman},
  }

%KKKK

@article {Kravchenko:1996,
 author  = {A. G. Kravchenko and P. Moin and R. Moser},
 title   = {Zonal Embedded Grids for Numerical Simulations of Wall-Bounded Turbulent Flows},
 journal = {J. Comp. Phys.},
 volume  = {127},
 pages = {412--423},
 year =    {1996},
}


@article {kevlahan-farge:1997,
 author  = {Kevlahan, N. K. R. and Farge, M.},
 title   = {Vorticity Filaments in Two Dimensional Turbulence: Creation, Stability and Effect},
 journal = {J.\ Fluid Mech.},
 volume  = {346},
 pages = {49--76},
 year =    {1997},
}

@inproceedings{kevlahan-vasilyev-cherhabili:2000,
  author = {Kevlahan, N. K. R. and Vasilyev, O. V. and Cherhabili, A.},
  title = {An Adaptive Wavelet Method for Turbulance in Complex Geometries},
  booktitle = { Proceedings of the 16th IMACS World Congress 2000},
  edited = {M. Deville and R. Owens},
  volume = {},
  number = {},
  organization = {IMACS},
  pages = {411-39.pdf},
  year = {2000},
}

%LLLL

@techreport{liandrat-tchamitchian:1990,
  title =        {Resolution of the 1D Regularized {B}urgers Equation Using
                  a Spatial Wavelet Approximation},
  author =       {Liandrat, J. and Tchamitchian, Ph.},
  year =         {1990},
  institution =  {NASA Contractor Report 187480, ICASE Report 90-83,
                  NASA Langley Research Center, Hampton VA 23665-5225},
}
@incollection{liandrat:1996,
    author = {J. Liandrat},
    title = {Some wavelet algorithms for turbulence analysis and
        modeling},
    booktitle = {Wavelets:  Theory and Applications},
    publisher = {Oxford University Press},
    editor = {G. Erlebacher and M. Y. Hussaini and L. M. Jameson},
    pages = {316--348},
    year = {1996},
   }
@book{louis-maas-reider:1997,
 Author = {A. K Louis and P. Maa\ss and A. Rieder},
 Title = {Wavelets: Theory and Applications},
 Publisher = {John Wiley \& Sons},
 Year = {1997},
 }

@article{lu-yoshida:2002,
    author = {Lu, J.~Y. and Yoshida, Y.},
    title = {Region-adaptive image restoration using wavelet denoising technique},
    journal = {IEICE Trans. Inform. Systems},
    publisher = {},
    volume = {E85D},
    number = {1},
    pages = {286--290},
    year = {2002},
   }

@article{luo-jameson:2002,
   author = {Luo, J. and Jameson, L.},
   title = {A wavelet-based technqiue for identifying, labeling
        and tracking of ocean eddies},
   journal = {J. Atmos. and Ocean Tech.},
   volume = {19},
   number = {3},
   pages = {381--390},
   year = {2002},
}

%MMMM

@article{Moin:1997,
    author = {P. Moin and J. Kim},
    title = {Tackling Turbulence with Supercomputers},
    journal = {Scientific American},
    publisher = {},
    volume = {January},
    pages = {},
    year = {1997},
   }


@ARTICLE{maday-ravel:1992,
  author = "Maday, Y. and Ravel, J. C.",
  title = "Adaptativit{{\'e}} par ondelettes: conditions aux limites et dimensions sup{{\'e}}rieures",
  journal = "C. R. Acad. Sci. Paris",
  volume = "315",
  pages = "85--90",
  year = "1992",
}
@book{mallat:1998,
    author = {Mallat, S.},
    title = {A Wavelet Tour of Signal Processing},
    journal = {},
    publisher = {Academic Press},
    volume = {},
    number = {},
    pages = {545},
    year = {1998},
   }

@book{mallat:1999,
 Author = {Mallat, S. G.},
 Title = {A Wavelet Tour of Signal Processing},
 Publisher = {Academic Press},
 Address = {Paris},
 Year = {1999},
 }

@book{meyer:1990,
 Author = {Meyer, Y.},
 Title = {Ondelettes et Op{\'{e}}rateurs},
 Publisher = {Hermann},
 Address = {Paris},
 Year = {1990},
 }

@book{meyer:1992,
  title =        {Wavelets and Operators},
  author =       {Meyer, Y.},
  publisher =    {Cambridge University Press},
  series =       {Cambridge Studies in Advanced Mathematics 37},
  year =         {1992},
  note =         {Translated to English by D. H. Salinger},
  ISBN =         {0-521-42000-8},
  keywords =     {Fourier Series and Integrals, Filtering and Sampling /
                 Multiresolution Approximation of L2(Rn) / Orthonormal
                 Wavelet Bases / Non-orthogonal Wavelets / Wavelets the
                 Hardy Space H1 and Its Dual BMO / Wavelets and Spaces
                 of Functions and Distributions},
  URL =          {http://www.cup.org/Titles/42/0521420008.html},
  abstract =     {The first book in English to provide a comprehensive
                 account of the mathematical theory of wavelets which
                 has proved to be a powerful tool for harmonic analysts,
                 and an alternative to the standard theory of Fourier
                 analysis},
}

@book{mitchell-griffiths:1980,
 Author = {A. R. Mitchell and  D. Griffiths},
 Title = {The Finite Difference Method in Partial Differential Equations},
 Publisher = {John Wiley \& Sons},
 Address = {},
 Year = {1980},
 }

%NNNN

%OOOO
@Article{ogden-hilton:1997,
  title =        {Data Analytic Wavelet Threshold Selection in 2-{D} Signal Denoising},
  author =       {R. Todd Ogden and M. Hilton},
  journal =      {IEEE Trans. Signal Processing},
  volume =       {45},
  number =       {2},
  year =         {1997},
  pages =        {496--500},
  }

%PPPP

@article{prosser-cant:1998,
    author = {Prosser, R. and Cant, R. S.},
    title = {On the use of wavelets in computational combustion},
    journal = {J. Comp. Phys.},
    publisher = {},
    volume = {147},
    pages = {337-361},
    year = {1998},
   }

%QQQQ

@ARTICLE{qian-weiss:1993,
  author = {Qian, S. and Weiss, J.},
  title = {Wavelets and the Numerical Solution of Partial Differential Equations},
  journal = {J. Comput. Phys.},
  volume = {106},
  pages = {155--175},
  year = {1993},
}

%RRRR

@book{rao-bopardikar:1998,
  title =        {Wavelet Transforms: Introduction to Theory and Applications},
  author =       {Rao, R. M. and Bopardikar, A. S.},
  publisher =    {Addison Wesley Longman},
  year =         {1998},
}

%SSSS



@Article{saito-beylkin:1993,
  title =    {Multiresolution representations using the
                  autocorrelation functions of compactly supported
                  wavelets},
  author =   {Saito, N. and Beylkin, G.},
  journal =  {IEEE Trans.\ Signal Process.},
  volume =   {41},
  number =   {12},
  year =     {1993},
  pages =    {3584--3590},
  URL =          {ftp://amath-ftp.colorado.edu/pub/wavelets/papers/miniframe.ps.Z},
  abstract =     {Proposes a shift-invariant multiresolution
                  representation of signals or images using dilations
                  and translations of the autocorrelation functions of
                  compactly supported wavelets. Although these
                  functions do not form an orthonormal basis, their
                  properties make them useful for signal and image
                  analysis. Unlike wavelet-based orthonormal
                  representations, the present representation has (1)
                  symmetric analyzing functions, (2) shift-invariance,
                  (3) associated iterative interpolation schemes, and
                  (4) a simple algorithm for finding the locations of
                  the multiscale edges as zero-crossings. The authors
                  also develop a noniterative method for
                  reconstructing signals from their zero-crossings
                  (and slopes at these zero-crossings) in their
                  representation. This method reduces the
                  reconstruction problem to that of solving a system
                  of linear algebraic equations.},
}


@Article{schneider-farge-AcadSci:2000,
  author =   {Schneider, K. and Farge, M.},
  title =    {Numerical simulation of a mixing layer in an adaptive wavelet basis},
  journal =      {C.R. Acad. Sci. Paris,t. 328, S\'{e}rie IIb},
  year =     {2000},
  pages =        {263-269},
}

@article{sardy-percival-bruce-gao-stuetzle:1999,
    author = {Sardy, D. and B. Percival and A. G. Bruce and H.-Y. Gao and W. Stuetzle},
    title = {Wavelet Shrinkage for Unequally Spaced Data},
    journal = {Statistics and Computing},
    publisher = {},
    volume = {9},
    pages = {65--75},
    year = {1999},
   }

@article{sardy-tseng-bruce:2001,
    author = {Sardy, S. and Tseng, P. and Bruce A.},
    title = {Robust wavelet denoising},
    journal = {IEEE Trans. Signal Proc.},
    publisher = {},
    volume = {49},
    number = {6},
    pages = {1146--1152},
    year = {2001},
   }


@article{schneider-farge-pellegrino-rogers:2003,
 author  = {K. Schneider  and  M. Farge and G. Pellegrino and M. Rogers},
 title   = {{CVS} filtering of 3D turbulent mixing layers using orthogonal wavelets},
 journal = {{\em Submitted to} J.\ Fluid Mech.},
 volume  = {},
 number  = {},
 pages = {},
 year =    {2003},
}



@incollection {schneider-farge:2000,
  title =    {{CVS} filtering of 3D turbulent mixing layers using orthogonal wavelets},
  author =   {Schneider, K. and Farge, M. and Pellegrino, G. and Rogers, M.},
  booktitle = { Proceedings of the 2000 Summer Program},
  publisher = {Center for Turbulence Research},
  pages = {319-330},
  year = {2000},
}

@Article{schneider-farge:2002,
  author =   {K. Schneider and M. Farge},
  title =    {Adaptive wavelet simulation of a flow around an impulsively started cylinder
                  using penalisation},
  journal =      {A Comput. Harm. Anal.},
  year =     {2002},
  volume =   {12},
  pages =    {374--380},
}

@Article{schneider-kevlahan-farge:1997,
  title =    {Comparison of an Adaptive Wavelet Method and Nonlinearly Filtered Pseudo-Spectral
   Methods for Two Dimensional Turbulance},
  author =   {Schneider, K. and Kevlahan, N. and Farge, M.},
  journal =  {Theoret. Comput. Fluid Dynamics},
  volume =   {9},
  number =   {},
  year =     {1997},
  pages =    {191--206},
  URL =          {},
  abstract =     {},
}

@incollection{schroder-sweldens:1995,
   author = {P. Schr\"oder and W. Sweldens},
   title = {Spherical wavelets: {T}exture processing},
   booktitle = {Rendering Techniques '95},
   editor = {P. Hanrahan and W. Purgathofer},
   publisher = {Springer Verlag},
   address = {Wien, New York},
   month = {August},
   year = {1995},
   pages = {252--263},
  }

@book{strang-fix:1973,
   author = {Strang, G. and Fix, G. J.},
   title = {An Analysis of the Finite Element Method},
   publisher = {Prentice-Hall},
   address = {Englewood Cliffs, NJ},
   year = {1973},
}
@book{strang-nguyen:1996,
   author = {Strang, G. and Nguyen, T.},
   title = {Wavelets and Filter Banks},
   publisher = {Wellesley-Cambridge Press},
   address = {Wellesley, MA},
   year = {1996},
}

@incollection {sweldens-schroder:1996,
   author = {W. Sweldens and P. Schr\"oder},
   title = {Building your own wavelets at home},
   booktitle = {Wavelets in Computer Graphics},
   publisher = {ACM SIGGRAPH Course notes},
   pages = {15--87},
   year = {1996},
  }

@article{sweldens:1996,
    author = {Sweldens, W.},
    title = {The lifting scheme: {A} custom-design construction of biorthogonal wavelets},
    journal = {Appl. Comput. Harmon. Anal.},
    volume = 3,
    number = 2,
    pages = {186--200},
    year = {1996},
   }

@article {sweldens:1998,
    author = {W. Sweldens},
    title = {The lifting scheme: {A} construction of second generation wavelets},
    journal = {SIAM J. Math. Anal.},
    number = 2,
    volume = 29,
    pages = {511--546},
    year = {1998},
   }

@book{szabo-babuska-szabi-babuska:1991,
 author  = {B. Szabo and I. Babuska and B. Szabi and A. Babuska },
 title = {Finite Element Analysis },
 publisher = {John Wiley \& Sons},
 address = {},
 year = {1991},
}

%TTTT

@inproceedings{tao-moorehead:1994,
    author = {Tao, H. and  Moorehead, R.J.},
    title = {Progressive transmission of scientific data using
        biorthogonal wavelet transform},
    booktitle = {},
    booktitle = {Proceedings of IEEE Visualization 1994},
    month = {},
    publisher = {},
    editor = {},
    organization = {},
    volume = {},
    pages = {93--99},
    year = {1994},
   }
@article{taswell:2000,
    author = {C. Taswell},
    title = {The Why, How, and Why of Wavelet Shrinkage Denoising},
    journal = {Computing in Science and Engineering},
    publisher = {},
    volume = {2},
    number = {3},
    pages = {12--19},
    year = {2000},
   }

@book{thomas:1995,
 author  = {J. W. Thomas },
 title = {Numerical Partial Differential Equations: Finite Difference Methods},
 series = {Texts in Applied Mathematics, No 22},
 publisher = {Springer Verlag},
 address = {},
 year = {1983},
}

%UUUU

%VVVV

@book{versteeg-malalasekera:1995,
 author  = {H. K. Versteeg and W. Malalasekera},
 title = {An Introduction to Computational Fluid Dynamics:
          The Finite Volume Method},
 publisher = {Addison-Wesley},
 address = {},
 year = {1995},
}

@book{vidakovic:1999,
    author = {B. Vidakovic},
    title = {Statistical Modeling by Wavelets},
    publisher = {John Wileyand Sons},
    year = {1999},
   }

%WWWW

@article{walden:1999,
    author = {J. Walden},
    title = {Filter Bank Methods for Hyperbolic {PDEs}},
    journal = {SIAM J. Numer. Anal.},
    publisher = {},
    volume = {36},
    number = {4},
    pages = {1183--1233},
    year = {1999},
   }

@inproceedings{wells-zhou:1992,
    author = "R. O. {Wells, Jr.} and X. Zhou",
    title = "Wavelet Interpolation and Approximate Solutions of Elliptic Partial Differential Equations",
    booktitle = "Noncompact Lie Groups, Proceedings of {NATO} Advanced Research Workship",
    editor = "R. Wilson and E. A. Tanner",
    year = "1992",
 }


%XXXX
@ARTICLE{xu-shann:1992,
  author = "Xu, J.-C. and Shann, W.-C.",
  title = "Galerkin-wavelet methods for two-point boundary value problems",
  journal = "Numer. Math.",
  volume = "63",
  pages = "123--144",
  year = "1992",
}
%YYYY
%ZZZZ
