%
%       BIBLIOGRAPHY OF WAVELET IN ODES AND PDES
%
%                         OLEG V. VASILYEV

@article{,
    author = {},
    title = {},
    journal = {},
    volume = {},
    pages = {},
    year = {},
   }
%AAAA
@article{,
    author = {Oey, L. and Chen, P.,},
    title = {A Nested-Grid Ocean Model: With application to the simulation of meanders and eddies in the Norwegian Coastal Current},
    journal = {J. Geophys. Res.},
    volume = {97},
    pages = {20063--20086},
    year = {1992},
   }
@article{,
    author = {Sanderson, B. G.},
    title = {Order and resolution for computational ocean
dynamics},
    journal = { J. Phys. Oceanogr.},
    volume = {28 },
    pages = {1271--1286},
    year = {1998},
   }
@article{JamesonL:Wavaao,
title = {Wavelet analysis and ocean modeling: a dynamically adaptive numerical method WOFD-AHO. },
author = {L. Jameson and T. Miyama},
journal = {Monthly weather review},
volume = {128},
number = {5},
pages = {1536 -- 48},
}
@ARTICLE{1999PhDT........88S,
author = {Siegel, A. R.},
title  = {Coherent stuctures in geophysical turbulence},
journal  = {Ph.D.~Thesis},
year = {1999},
}

@article{Noh,
author = {{Noh et al.}},
journal = {J. Phys. Oceanogr.},
year = {2003},
}

@article{canuto,
author = {V. M. Canuto and A. Howard and Y. Cheng and M. S. Dubovikov},
journal = {Journal of Physical Oceanography},
title = {Ocean Turbulence. {P}art {II}: Vertical Diffusivities of Momentum, Heat, Salt, Mass, and Passive Scalars},
pages = {240–-264},
year = {2002},
}

@article{dubovikov,
title = {Dynamic Model of Mesoscale Eddies},
author = {Dubovikov, M. S.},
journal = {Geophysical and Astrophysical Fluid Dynamics},
Volume = {97},
year = {2003},
pages = {311--358}}

@techreport{IPCC,
title = {{I}ntergovernmental {P}anel on {C}limate {C}hange ({IPCC}) Report on Climate
Change 2001: The Scientific Basis, Section {F}.6},
year = {2001},
   }

@article{pope,
author = {S. B. Pope},
title = { Turbulent Flows, Chapter 13},
publisher = {Cambridge University Press},
year = {2000},
}

@article{smag1,
author = {J. Smagorinsky},
title = {General circulation experiments with the
primitive equations: I. The basic experiment},
journal = {Mon. Wea. Rev},
volume = {91},
year = {1963},
pages = {99--164}
}

@article{smag2,
author = {J. Smagorinsky},
title = {Some historical remarks on the use of nonlinearviscosities},
journal = {Large Eddy Simulation of Complex Engineering
and Geophysical Flows, B. Galperin and S. A. Orszag,  Eds.,
Cambridge University Press},
year = {1993},
pages = {3--36},
}

@article{GM,
author = { P. R. Gent and J. Willebrand and T. J. McDougall and J. C. McWilliams},
title = {Parameterizing eddy-induced tracer transports in ocean circulation
models},
journal = { J. Phys. Ocean.},
volume = {25},
pages = {463--474},
year = {1995},
}

@article{Smith,
author = {R. D. Smith and M. O. Maltrud and F. O. Bryan and M. W. Hecht},
title = {Numerical simulation of the North Atlantic ocean at 1/10$^o$},
journal = {J. Phys. Ocean.},
volume = {30},
pages = {1532--1561},
year = {2000},
}

@article{wood,
author = {R. A. Wood and A. B. Keen and J. F. B. Mitchell and J. M. Gregory},
title = {Changing spatial structure of the thermohaline circulation in
response to atmospheric CO$_2$ forcing in a climate model},
journal = {Nature},
volume = {399},
pages = {572--575},
year = {1999},
}


@article{clark,
author = {Peter U. Clark and Nicklas G. Pisias and Thomas F. Stocker and Andrew J. Weaver},
title = {The role of the thermohaline circulation in abrupt climate change},
journal = {Nature},
year = {2002},
volume = {415},
pages = {863--869},
}





@Article{bryan-05,
  author =   {F. O. {Bryan et al.}},
  title =    {Response of the North Atlantic Thermohaline
Circulation and Ventilation to Increasing Carbon
Dioxide in CCSM3},
  journal = {J. of Climate},
  year = {2005},
}



@Article{thorpe,
  author = {R B Thorpe and J M Gregory and T C Johns and R A Wood},
  title = {Mechanisms Determining the Atlantic Thermohaline Circulation Response to Greenhouse Gas Forcing},
  journal = {J. of Climate},
  year = {2000},
}

@article{gent,
author = { P. R. Gent},
title = {Will the North Atlantic Ocean thermohaline circulation weaken
during the 21st century?},
journal = {Geophys. Rsrch. Lett.},
volume = {28},
pages = {1023--1026},
year = {2001},
}

@article{nadiga,
title = {Ocean modelling for climate studies: Eliminating short time scales in long-term, high-resolution},
author = {B.T. Nadiga and M. Taylor and J. Lorenz},
journal = {Mathematical and computer modelling},
year = {2006},
}

@InBook{haidvogel,
  author = {D. B. Haidvogel and A. Beckmann},
  title = {Numerical Ocean Circulation Modeling},
  chapter = {1},
  publisher = {Imperial College Press},
  year = {1999},
}

@article{duan,
title = {Stochastic Parameterization for Large
Eddy Simulation of Geophysical Flows },
author = {J. Duan and  B. T. Nadiga},
journal= {Proceedings of the American Mathematical Society},
volume  = {135},
number = {4},
pages = {1187 -- },
year = {2007},
}


@article{nadiga-livescu,
title = {On The Instability of the Perfect Subgrid Model in Implicit-Filtering
Large Eddy Simulation of Geostrophic Turbulence},
author = {B. T. Nadiga and D. Livescu},
journal= {Phys. Rev. E (under review)},
year = {2007},
}


@inbook{jones-05,
  booktitle = {Concurrency and Computation: Practice and Experience},
  publisher = {Wiley InterScience},
  year = {2005},
  volume = {17},
pages = {1317--1327},
title = {Practical performance portability in the Parallel Ocean Program (POP)},
author = {P. W. {Jones et al.}},
}
