% ------------------------------------------------------------------------
% SAMPLE BIBLIOGRAPHY FILE
% ------------------------------------------------------------------------
@BOOK{04Gri,
  AUTHOR =       {S. M. Griffies},
  TITLE =        {Fundamentals of Ocean Models},
  YEAR =         {2004},
}

@BOOK{99HB,
  AUTHOR =       {D. B. Haidvogel, A. Beckmann},
  TITLE =        {Numerical Ocean Circulation Modeling},
  YEAR =         {1999},
}

@ARTICLE{96Mcw,
  AUTHOR =       {J. C. McWilliams},
  TITLE =        {Modeling the Oceanic General Circulation},
  JOURNAL =      {Annual Review of Fluid Mechanics},
  YEAR =         {1996},
}

@ARTICLE{01Sura,
  AUTHOR =       {Philip Sura, Klaus Fraedrich, and Frank Lunkeit},
  TITLE =        {Regime Transitions in a Stochastically Forced Double-Gyre Model},
  JOURNAL =      {American Meteorological Society},
  YEAR =         {2001},
}


@ARTICLE{01Nadiga,
  AUTHOR =       {Balasubramanya T. Nadiga, Benjamin P. Luce},
  TITLE =        {Global Bifurcation of Shilnikov Type in a Double-Gyre Ocean Model},
  JOURNAL =      {Journal of Physical Oceanography},
  YEAR =         {2001},
  }
@ARTICLE{05KV,
  AUTHOR =       {Nicholas Kevlahan, Oleg Vasilyev},
  TITLE =        {An Adaptive Wavelet Collocation Method for Fluid-Structure Interaction at High Reynolds Numbers},
  JOURNAL =      {SIAM Journal of Scientific Computing},
  YEAR =         {2005},
}

@ARTICLE{04GV,
  AUTHOR =       {Daniel Goldstein, Oleg Vasilyev},
  TITLE =        {Stochastic Coherent Adaptive Large Eddy Simulation Method},
  JOURNAL =      {Physics of Fluids},
  YEAR =         {2004},
}

@ARTICLE{11STSW,
  AUTHOR =       { Detlef Stammer, Robin Tokmakian, Albert Semtner, Carl Wunsch},
  TITLE =        {How well does a 1/4° global circulation model simulate large-scale oceanic observations?},
  JOURNAL =      {Geophysical Research},
  YEAR =         {1111},
}

@ARTICLE{91KSWP,
  AUTHOR =       {P. D. Killworth, D. J. Webb, S.M. Paterson},
  TITLE =        {The development of a free-surface Bryan-Cox-Semtner ocean model},
  JOURNAL =      {Journal of Physical Oceanography},
  YEAR =         {1991},
  volume =       {21},
  pages =        {1333-1348},
}

@ARTICLE{06LV,
  AUTHOR =       {Qianlong Liu, Oleg V. Vasilyev},
  TITLE =        {A Brinkman Penalization Method for Compressible Flow in Complex Geometries},
  JOURNAL =      {Elseview Science},
  YEAR =         {2006},
}

@ARTICLE{99GN,
  AUTHOR =       {Richard Greatbatch, B. T. Nadiga},
  TITLE =        {Four-Gyre Circulation in a Barotropic  Model with Double-Gyre Wind Forcing},
  JOURNAL =      {Journal of Physical Oceanography},
  YEAR =         {1999},
}

@ARTICLE{97KT,
  AUTHOR =       {Kiehl, Trenberth},
  TITLE =        {1997: Earth's Annual Global Mean Energy Budget},
  JOURNAL =      {Bull. Am. Met. Soc.},
  YEAR =         {97},
  volume =       {78},
  pages =        {197-208},
}

@ARTICLE{01HDG,
  AUTHOR =       {J. Houghton, Y. Ding, D. Griggs, M. Noguer, P. van der Linden, X. Dai, K. Maskell, and C. Johnson},
  TITLE =        {2001: Climate Change 2001: The Scientific Basis},
  JOURNAL =      {Cambridge University Press},
  YEAR =         {2001},
}
@ARTICLE{99ABF,
  AUTHOR =       {P. Angot, C-H Bruneau, P. Fabrie},
  TITLE =        {A penalization method to take into account obstacles in viscous flows.},
  JOURNAL =      {Numerische Mathematik},
  YEAR =         {1999},
  volume =       {81},
  number =       {497-520},
}

@ARTICLE{96JCM,
  AUTHOR =       {James C. McWilliams},
  TITLE =        {Modeling the Oceanic General Circulation},
  JOURNAL =      {Annual Review Fluid Mechanics},
  YEAR =         {1996},
  volume =       {28},
  number =       {215-48},
}

@ARTICLE{97AHM,
  AUTHOR =       {A. Adcroft, C. Hill, and J. Marshall},
  TITLE =        {Representation of topography by shaved cells in a height coordinate ocean model},
  JOURNAL =      {Mon. Weather Rev. },
  YEAR =         {1997},
  volume =       {125},
  number =       {2293-2315},
  }

@ARTICLE{98MOE,
  AUTHOR =       {G. L. Mellor, L.-Y. Oey, T. Ezer},
  TITLE =        {Sigma coordinate pressure gradient errors and the seamount problem},
  JOURNAL =      {J. Atmos. Ocean Technol. },
  YEAR =         {1998},
  volume =       {15},
  number =       {1122-1131},
  }
  
  @ARTICLE{05MBLP,
  AUTHOR =       {C. Moulinec, S. Benhamadouche, D. Laurence, M. Peric},
  TITLE =        {LES in a U-bend pipe meshed by polyhedral cells},
  JOURNAL =      {Engineering Turbulence Modelling and Experiments 6},
  YEAR =         {2005},
  number =       {48-60},
  }
  
  @ARTICLE{97PM,
  AUTHOR =       {J. Peraire, K. Morgan},
  TITLE =        {Unstructured mesh generation including directional refinement for aerodynamic flow simulation},
  JOURNAL =      {Finite Elem. Anal. Des.},
  YEAR =         {1997},
  volume =       {25},
  number =       {343-356},
  }
    
  @BOOK{05ZTZN,
  AUTHOR =       {O.C. Zienkiewicz, R. L. Taylor, J. Z. Zhu, P. Nithiarasu},
  TITLE =        {The Finite Element Method: Its Basis and Fundamentals; for Solid and Structural Mechanics; for Fluid Mechanics},
  YEAR =         {2005},
}

  @ARTICLE{08PPGMK,
  AUTHOR =       {Matthew D. Piggott, Christopher C. Pain, Gerard J. Gorman, David P. Marshall, Peter D. Killworth},
  TITLE =        {Unstructured Adaptive Meshes for Ocean Modeling},
  JOURNAL =      {Ocean Modeling in an Eddying REgime Geophysical Monograph Series 177},
  YEAR =         {2008},
  number =       {383-408},
  }
  
  @ARTICLE{00GBBCGHHTW,
  AUTHOR =       {S. m. Griffies, C. Boning, F. O. Bryon, E. P. Chassignet, R. Gerdes, H. Hasumi, A. Hirst, A.M. Treguier, D. Webb},
  TITLE =        {Developments in ocean climate modelling},
  JOURNAL =      {Ocean Model.},
  YEAR =         {2000},
  volume =       {2},
  number =       {123-192},
  }
  
  @ARTICLE{03CSHB,
  AUTHOR =       {E. P. Chassignet, L. T. Smith, G. R. Halliwell, and R. Bleck},
  TITLE =        {North Atlantic simulations with the hybrid coordinate ocean model (HYCOM): Impact of the vertical coordinate choice, reference pressure and thermobaricity},
  JOURNAL =      {J. Phys. Oceanogr.},
  YEAR =         {2003},
  volume =       {33},
  number =       {2504-2526},
  }

  @ARTICLE{96LAM,
  AUTHOR =       {M. Laugier, P. Agnot, L. Mortier},
  TITLE =        {Nested grid methods for an ocean model a comparative study},
  JOURNAL =      {Int. J. Numer. Methods Fluids},
  YEAR =         {1996},
  volume =       {23},
  number =       {1163-1195},
  }
  
    @ARTICLE{05SM,
  AUTHOR =       {A. F. Shchepetkin, J. C. McWilliams},
  TITLE =        {The Regional Ocean Modeling System: A split-explicit, free-surface, topography following coordinates ocean model},
  JOURNAL =      {Ocean Modeling},
  YEAR =         {2005},
  volume =       {9},
  number =       {347-404},
  }
  
      @ARTICLE{99LL,
  AUTHOR =       {L. N. Ly, P. Luong},
  TITLE =        {Numerical multi-block grids in ocean circulation modeling},
  JOURNAL =      {Appl. Math. Model.},
  YEAR =         {1999},
  volume =       {23},
  number =       {865-879},
  }

  @ARTICLE{06FGS,
  AUTHOR =       {O. B. Fringer, M. Gerritsen, R. L Street},
  TITLE =        {An unstructured-grid, finite-volume, nonhydrostatic, parallel coastal ocean simulator},
  JOURNAL =      {Ocean Modelling},
  YEAR =         {2006},
  volume =       {14},
  number =       {139-173},
  }
  
  @ARTICLE{03IHL,
  AUTHOR =       { M. Iskandarani, D.B. Haidvogel, and J. Levin},
  TITLE =        {A Three-Dimensional Spectral Element Model for the Solution of the Hydrostatic Primitive Equations},
  JOURNAL =      {Journal of Computational Physics},
  YEAR =         {2003},
  volume =       {2},
  number =       {361-705},
  }
  
  @ARTICLE{04BILH,
  AUTHOR =       {Choi, Byoung-Ju, Iskandarani, Mohamed, Levin, Julia, Haidvogel, Dale B},
  TITLE =        {A Spectral Finite-Volume Method for the Shallow Water Equations},
  JOURNAL =      {Monthly Weather Review},
  YEAR =         {2004},
  volume =       {132},
  number =       {1777-1791},
  }
  
   @ARTICLE{04FPPGOU,
  AUTHOR =       {R. Ford, C. C. Pain, M. D. Piggott, A. J. H. Goddard, C. R. E de Oliveira, and A. P. Umpleby},
  TITLE =        {A Nonhydrostatic Finite-Element Model for Three-Dimensional Stratified Oceanic Flows. Part I: Model Formulation},
  JOURNAL =      {American Meteorological Society},
  YEAR =         {2004},
  volume =       {132},
  number =       {2816-2831},
  }
  
   @ARTICLE{05GPPOUG,
  AUTHOR =       {G. J. Gorman, M. D. Piggott, C. C. Pain, C. R. E. de Oliveira, A. P. Umpleby, A. J. H. Goddard},
  TITLE =        {Optimisation based bathymetry approximation through constrained unstructured mesh adaptivity},
  JOURNAL =      {Ocean Modelling},
  YEAR =         {2005},
  volume =       {12},
  number =       {436-452},
  }
  
   @ARTICLE{05PPGFGMEPO,
  AUTHOR =       {C. C. Pain, M. D. Piggott, A. J. H. Goddard, F. Fang, G. J. Gorman, D. P. Marshall, M. D. Eaton, P. W. Power, C. R. E. de Oliveira},
  TITLE =        {Three-dimensional unstructured mesh ocean modelling},
  JOURNAL =      {Ocean Modelling},
  YEAR =         {2005},
  volume =       {10},
  number =       {5-33},
  }
  
  @ARTICLE{05PPGPG,
  AUTHOR =       {M. D. Piggott, C. C. Pain, G. J. Gormon, P. W. Power, A. J. H. Goddard},
  TITLE =        {h, r, and hr adaptivity with applications in numerical ocean modelling},
  JOURNAL =      {Ocean Modelling},
  YEAR =         {2005},
  volume =       {10},
  number =       {95-113},
  }
  
  @ARTICLE{96LINW,
  AUTHOR =       {D. R. Lynch, J. T. C. Ip, C. E. Naimie, and F. E. Werner},
  TITLE =        {Comprehensive coastal circulation model with application to Gulf of Maine},
  JOURNAL =      {Cont. Shelf Res.},
  YEAR =         {1996},
  volume =       {16},
  number =       {875-906},
  }
  
    @ARTICLE{04DKS,
  AUTHOR =       {S. Danilov, G. Kivman, and J. Schroter},
  TITLE =        {A finite element ocean model: Principles and evaluation},
  JOURNAL =      {Ocean Model.},
  YEAR =         {2004},
  volume =       {6},
  number =       {125-150},
  }
  
  @ARTICLE{07White,
  AUTHOR =       {L. White},
  TITLE =        {Accuracy and Consistency in Finite Element Ocean Modeling},
  JOURNAL =      {PhD Thesis},
  YEAR =         {2007},
  }
  
  @ARTICLE{03CLB,
  AUTHOR =       {C. Chen, H. Liu, R. C. Beardsley},
  TITLE =        {An unstructured grid, finite-volume, three-dimensional, primitive equations ocean model: Application to coastal ocean and estuaries},
  JOURNAL =      {J. Atmos. Oceanic Techno.},
  YEAR =         {2003},
  volume =       {20},
  number =       {159-186},
  }
  
   @ARTICLE{07BCLDR,
  AUTHOR =       {P. E. Bernard, N. Chevaugeon, V. Legat, E. Deleersnijder, J. F. Remacle},
  TITLE =        {High-order h-adaptive discontinuous Galerkin methods for ocean modeling},
  JOURNAL =      {Ocean Dyn.},
  YEAR =         {2007},
  volume =       {9},
  number =       {03497},
  }
  
  @ARTICLE{08PGPACMW,
  AUTHOR =       {M. D. Piggott, G. J. Gormon, C. C. Pain, P. A. Allison, A. S. Candy, B. T. Martin, M. R. Wells},
  TITLE =        {A new computational framework for multi-scale ocean modelling based on adapting unstructured meshes},
  JOURNAL =      {Int. J. Numer. Methods Fluids},
  YEAR =         {2008},
  volume =       {56},
  number =       {1003-1015},
  }
  
   @ARTICLE{99BD,
  AUTHOR =       {E. Blayo, L. Debreu},
  TITLE =        {Adaptive mesh refinement for finite-difference ocean models first experiments},
  JOURNAL =      {J. Phys. Oceanogr.},
  YEAR =         {1999},
  volume =       {29},
  number =       {1239-1250},
  }
  
   @ARTICLE{05DBB,
  AUTHOR =       {L. Debreu, E. Blayo, B. Barnier},
  TITLE =        {A general adaptive multi-resolution approach to ocean modelling: Experiments in a primitive equation model of the north Atlantic},
  JOURNAL =      {Adaptive Mesh Refinement - Theory and Applications.  Proceedings of the Chicago Workshop on Adaptive Mesh Refinement Methods, Sept. 3-5, 2003},
  YEAR =         {2005},
  number =       {303-313},
  }
  
     @ARTICLE{07PR,
  AUTHOR =       {S. Popinet, G. Rickard},
  TITLE =        {A tree-based solver for adaptive ocean modelling},
  JOURNAL =      {Ocean Model.},
  YEAR =         {2007},
  volume =       {16},
  number =       {224-249},
  }
  
       @ARTICLE{07PR,
  AUTHOR =       {Qianlong Liu, Oleg V. Vasilyev},
  TITLE =        {A Brinkman penalization method for compressible flows in complex geometries},
  JOURNAL =      {Journal of Computational Physics},
  YEAR =         {2007},
  volume =       {227},
  number =       {946-966},
  }
  
  @article{82TWM,
    author = {J. F. Thompson and Z. U. A. Warsi and C. W. Mastin},
    title = {Boundary fitted coordinate systems for numerical
    solution of partial differential equations -- A review },
    journal = {J. Comput. Phys.},
    publisher = {},
    volume = {47},
    pages = {1-108},
    year = {1982},
   }
 
 @article{90Mavri,
    author = {D. J. Mavriplis},
    title = {Accurate multigrid solution of the Euler equations
    on unstructured and adaptive meshes },
    journal = {AIAA J.},
    publisher = {},
    volume = {28},
    pages = {213-221},
    year = {1990},
   }
 
 
 @article{02Peskin,
    author = {C. S. Peskin},
    title = {The immersed boundary method},
    journal = {Acta Numerica},
    publisher = {Cambridge University Press},
    volume = {},
    pages = {479-517},
    year = {2002},
   }
   
   @article{02MI,
    author = {R. Mittal and G. Iaccarino},
    title = {Immersed boundary methods},
    journal = {Annu. Rev. Fluid Mech.},
    publisher = {},
    volume = {37},
    pages = {239-261},
    year = {2005},
   }
   
   @article{72Peskin,
    author = {C. S. Peskin},
    title = {Flow patterns around heart valves: a digital computer
    method for solving the equations of motion },
    journal = {Ph.D. Thesis, Albert Einstein College of Medicine, 1972},
    publisher = {},
    volume = {},
    pages = {},
    year = {1972},
   }
   
   @article{00LP,
    author = {M. C. Lai and C. S. Peskin},
    title = {An immersed boundary method with formal second order accuracy
    and reduced numerical viscosity},
    journal = {J. Comput. Phys.},
    publisher = {},
    volume = {160},
    pages = {705-719},
    year = {2000},
   }
   
   @article{93GHS,
    author = {D. Goldstein and R. Handler and L. Sirovich},
    title = {Modeling a no-slip flow boundary with an external force field},
    journal = {J. Comput. Phys.},
    publisher = {},
    volume = {105},
    pages = {354-366},
    year = {1993},
   }
   
   @article{96SB,
    author = {E. M. Saiki and S. Biringen},
    title = {Numerical simulation of a cylinder in uniform flow:
    application of a virtual boundary method},
    journal = {J. Comput. Phys.},
    publisher = {},
    volume = {123},
    pages = {450-465},
    year = {1996},
   }
   
   @article{79PB,
    author = {J. W. Purvis and J. E. Burkhalter},
    title = {Prediction of critical mach number for
    store configurations},
    journal = {AIAA J.},
    publisher = {},
    volume = {17(11)},
    pages = {1170-1177},
    year = {1979},
   }
   
   @article{86CSH,
    author = {D. K. Clarke and M. D. Salas and H. A. Hassen},
    title = {Euler calculations for multielement airfoils
    using cartesian grids},
    journal = {AIAA J.},
    publisher = {},
    volume = {24(3)},
    pages = {353-358},
    year = {1986},
   }
   
   @article{93ZP,
    author = {D. D. Zeeuw and K. G. Powell},
    title = {An adaptively refined cartesian mesh solver for the
    Euler equations},
    journal = {J. Comput. Phys.},
    publisher = {},
    volume = {104},
    pages = {56-68},
    year = {1993},
   }
   
   @article{98BA,
    author = {M. J. Berger and M. J. Aftosmis},
    title = {Aspects (and aspect ratios) of cartesian mesh methods},
    journal = {Proc. 16th Int. Conf. Numer. Methods Fluid Dyn.},
    publisher = {},
    volume = {},
    pages = {},
    year = {1998},
   }
   
   @article{03TF,
    author = {Y. H. Tseng and J. H. Ferziger},
    title = {A ghost-cell immersed boundary method for flow
    in complex geometry},
    journal = {J. Comput. Phys.},
    publisher = {},
    volume = {192},
    pages = {593-623},
    year = {2003},
   }
   
   @Article{84AC,
  author       = "E. Arquis and J. P. Caltagirone",
  title        = "Sur les conditions hydrodynamiques au voisinage
          d'une interface milieu fluide - milieu poreux :
          application \`a la convection naturelle",
  journal      = "C. R. Acad. Sci. Paris II",
  volume       = "299",
  pages        = "1--4",
  year         = "1984",
}

Article{99ABF,
  author       = "P. Angot and C.-H. Bruneau and P. Fabrie",
  title        = "A penalization method to take into account obstacles
                  in viscous flows",
  journal      = "Numerische Mathematik",
  volume       = "81",
  pages        = "497-520",
  year         = "1999",
}

@Article{99Angot,
  author       = "P. Angot",
  title        = "Analysis of singular perturbations on the Brinkman problem
                 for fictitious domain models of viscous flows",
  journal      = "Mathematical Methods in the Applied Science",
  volume       = "22",
  pages        = "1395--1412",
  year         = "1999",
}

@article{95Chung,
    author = {C. Chung},
    title = {Wave propagation and scattering in computational aeroacoustics},
    journal = {Ph.D. dissertation, Dept. of Aerospace Engineering,
    Pennsylvania State University, University Park, PA, 1995},
    publisher = {},
    volume = {},
    pages = {},
    year = {1995},
   }

@article{98CM,
    author = {C. Chung and P. J. Morris},
    title = {Acoustic scattering from two- and three-dimensional bodies},
    journal = {Journal of Computational Acoustics},
    publisher = {},
    volume = {6},
    pages = {357-375},
    year = {1998},
   }
   
   @article{00LM,
    author = {O. A. Laik and P. J. Morris},
    title = {Direct simulation of acoustic scattering by two-
    and three-dimensional bodies},
    journal = {Journal of Aircraft},
    publisher = {},
    volume = {37},
    pages = {68-75},
    year = {2000},
   }
   
   @article{00AM,
    author = {A. Agarwal and P. J. Morris},
    title = {Direct simulation of acoustic scattering by a rotorcraft fuselage},
    journal = {AIAA Paper No. 2000-2030},
    publisher = {},
    volume = {},
    pages = {},
    year = {2000},
   }
   
   @BOOK{00Blackstock,
  AUTHOR= {D. T. Blackstock},
  TITLE= {Fundamentals of Physical Acoustics},
  PUBLISHER= {John Willey and Sons, Inc.},
  ADDRESS= {},
  YEAR= {2000}
}

@article {98Sweldens,
    author = {W. Sweldens},
    title = {The lifting scheme: {A} construction of second generation wavelets},
    journal = {SIAM J. Math. Anal.},
    number = 2,
    volume = 29,
    pages = {511--546},
    year = {1998},
   }
   
   
@article{05KV,
    author = {Kevlahan, N.~K.-R. and Vasilyev, O.~V.},
    title = {An adaptive wavelet collocation method for fluid-structure interaction at high {R}eynolds numbers},
    journal = {SIAM J. Sc. Comp.},
    volume = {26},
    number = {6},
    pages = {1894--1915},
    year = {2005},
   }
   
   @article{00VB,
    author = {Vasilyev, O.~V. and Bowman, C.},
    title = {Second Generation Wavelet Collocation Method for the Solution of Partial Differential Equations},
    journal = {J. Comp. Phys.},
    publisher = {},
    volume = {165},
    number = {},
    pages = {660-693},
    year = {2000},
   }
@article{03Vasilyev,
    author = {Vasilyev, O.~V. },
    title = {Solving Multi-Dimensional Evolution Problems with Localized Structures Using Second Generation Wavelets},
    journal = {Int. J. Comp. Fluid Dyn., {\em Special issue on High-resolution methods in Computational Fluid Dynamics}},
    publisher = {},
    volume = {17},
    number = {2},
    pages = {151--168},
    year = {2003},
   }
   
   @article{02VK,
    author = {Vasilyev, O.~V. and Kevlahan, N.~K.-R.},
    title = {Hybrid Wavelet Collocation - {B}rinkman Penalization Method for Complex Geometry Flows},
    journal = {Int.  J. Numerical Methods in Fluids},
    volume = {40},
    number = {},
    pages = {531--538},
    year = {2002},
   }
   
   @article{96VP,
    author = {Vasilyev, O.~V. and Paolucci, S.},
    title = {A Dynamically Adaptive Multilevel Wavelet Collocation Method
             for Solving Partial Differential Equations in a Finite Domain},
    journal = {J. Comput. Phys.},
    publisher = {},
    volume = {125},
    pages = {498--512},
    year = {1996},
   }
   
   @article{97VP,
    author = {Vasilyev, O.~V. and Paolucci, S.},
    title = {A Fast Adaptive Wavelet Collocation Algorithm for
             Multi-Dimensional {PDEs}},
    journal = {J. Comput. Phys.},
    publisher = {},
    volume = {138},
    pages = {16--56},
    year = {1997},
   }
   
   @InProceedings{00KVC,
  author =   {N. K.-R. Kevlahan and O. V. Vasilyev and A. Cherhabili},
  title =    {An adaptive wavelet method for turbulence in complex geometries},
  booktitle =    {16th Imacs World Congress 2000, Proceedings, Lausanne - August 21-25, 2000},
  year =     {2000},
  editor =   {M. Deville and R. Owens},
  volume =   {411-39},
  publisher = {IMACS},
  }
  
 @BOOK{94CushRoi,
  AUTHOR =       {Benoit Cushman-Roisin},
  TITLE =        {Introduction to Geophysical Fluid Dynamics},
  YEAR =         {1994},
  }
  
   @article{98MJH,
    author = {Marshall, J., Jones, H. and C. Hill},
    title = {Efficient ocean modeling using non-hydrostatic algorithms.},
    journal = {Journal of Marine Systems},
    publisher = {},
    volume = {18},
    pages = {115-134},
    year = {1998},
   }
  
     @article{97MAHPH,
    author = {Marshall, J., A. Adcroft, C. Hill, L. Perelman, and C. Heisey},
    title = {A finite-volume, incompressible Navier Stokes model for studies of the ocean on parallel computers.},
    journal = {J. Geophysical Res},
    publisher = {},
    volume = {102(C3)},
    pages = {5753-5766},
    year = {1997},
   }

     @article{97MHPA,
    author = {Marshall, J., C. Hill, L. Perelman, and A. Adcroft},
    title = {Hydrostatic, quasi-hydrostatic, and nonhydrostatic ocean modeling},
    journal = {J. Geophysical Res},
    publisher = {},
    volume = {102(C3)},
    pages = {5733-5752},
    year = {1997},
   }

  @misc{Wiki,
    title = {www.wikipedia.org},
   }
   
    @misc{tides,
    title = {http://oceanservice.noaa.gov},
   }
   
       @misc{oceanmodels,
    title = {http://stommel.tamu.edu/},
   }
%http://stommel.tamu.edu/~baum/ocean_models.html
     @article{06RSS,
    author = {Remacle J-F, Soares Frazao, Li X, Shephard MS},
    title = {An adaptive discretization of shallow-water equations based on discontinuous Galerkin methods},
    journal = {Int J Numer Methods Fluids},
    publisher = {},
    volume = {52},
    pages = {903-923},
    year = {2006},
   }
   
        @article{02bSZ,
    author = {Soares Frazao S, Zech Y},
    title = {Dam-break in channels with 90 degree bend},
    journal = {J Hydraul Res, American Society of Civil Engineers},
    publisher = {},
    volume = {128},
    pages = {956-968},
    year = {2002b},
   }

        @article{94Vreug,
    author = {Vreugdenhill CB},
    title = {Numerical methods for shallow water flow},
    journal = {Water Science and Technologies Library. Kluwer},
    year = {1994},
   }
   
           @article{97JCCGMSTW,
    author = {Johns, T.C., R.E. Carnell, J.F. Crossley, J.M. Gregory, J.F.B. Mitchell, C.A. Senior, S.F.B. Tett and R.A. Wood},
    title = {The second Hadley Centre coupled ocean-atmosphere GCM: model description, spinup and validation.},
    journal = {Clim. Dyn.},
    publisher = {},
    volume = {13},
    pages = {103-134},
    year = {1997},
   }
   
   @article{00FBLMRRW,
    author = {Flato, G.M., G.J. Boer, W.G. Lee, N.A. McFarlane, D. Ramsden, M.C. Reader and A.J. Weaver},
    title = {The Canadian Centre for Climate Modelling and Analysis global coupled model and its climate. },
    journal = {Clim. Dyn.},
    publisher = {},
    volume = {16},
    pages = {51-467},
    year = {2000},
   }
   
      @article{00GCSBGJMW,
    author = {Gordon, C., C. Cooper, C.A. Senior, H.T. Banks, J.M. Gregory, T.C. Johns, J.F.B. Mitchell and R.A. Wood},
    title = {The simulation of SST, sea ice extents and ocean heat transports in a version of the Hadley Centre coupled model without flux adjustments},
    journal = {Clim.
Dyn.},
    publisher = {},
    volume = {16},
    pages = {147-168},
    year = {2000},
   }
   
  
      @article{00PGRS,
    author = {Pope, V., M.L. Gallani, P.R. Rowntree and R.A. Stratton},
    title = {The impact of new physical parameterizations in the Hadley Centre climate model: HadAM3},
    journal = {Clim. Dyn.},
    publisher = {},
    volume = {16},
    pages = {123-146},
    year = {2000},
   }

   
      @article{93GMB,
    author = {Giorgi, F., M.R. Marinucci and G. T. Bates},
    title = {Development of a second generation regional climate model (RegCM2). Part I Boundary layer and radiative transfer processes},
    journal = {Mon. Weather Rev.},
    publisher = {},
    volume = {121},
    pages = {2794-2813},
    year = {1993},
   }
   
      @article{93GMBD,
    author = {Giorgi, F., M.R. Marinucci, G. T. Bates and G. DeCanio},
    title = {Development of a second generation regional climate model (RegCM2). Part II Convective processes and assimilation of lateral boundary conditions.},
    journal = {Mon. Weather Rev.},
    publisher = {},
    volume = {121},
    pages = {2814-2832},
    year = {1993},
   }
   
      @article{96RABCCDEGSS,
    author = {Roeckner, E., K. Arpe, L. Bengtsson, M. Christoph, M. Claussen, L. Dmenil, M. Esch, M. Giorgetta, U. Schlese and U. Schulzweida},
    title = {The atmospheric general circulation model ECHAM-4: model description and simulation of present-day climate},
    journal = {Max- Planck Institute for Meteorology, Report No.218, Hamburg, Germany},
    publisher = {},
    volume = {},
    pages = {90 pp},
    year = {1996},
   }
   
         @article{06CBBBB,
    author = {Collins, W. D., C. M. Bitz, M. L. Blackmon, G. B. Bonan, C. S. Bretherton, J. A. Carton, P. Chang, S. C. Doney*, J. J. Hack, T. B. Henderson, J. T. Kiehl, W. G. Large, D. S. McKenna, B. D. Santer*, and R. D. Smith*},
    title = {The Community Climate System Model Version 3 (CCSM3)},
    journal = {Journal of Climate},
    publisher = {},
    volume = {19},
    pages = {2122-2143},
    year = {2006},
   }
   

}
% ------------------------------------------------------------------------
