%% This BibTeX bibliography file was created using BibDesk.
%% http://bibdesk.sourceforge.net/


%% Created for Kaster Might at 2014-05-22 14:14:04 -0600 


%% Saved with string encoding Unicode (UTF-8) 



@phdthesis{th:ScReck,
	Author = {Scott J. Reckinger},
	Date-Added = {2014-05-21 18:50:50 +0000},
	Date-Modified = {2014-05-21 18:51:14 +0000},
	Keywords = {wavelets, rayleigh-taylor},
	School = {University of Colorado Boulder},
	Title = {Adaptive Wavelet-Based Direct Numerical Simulations of Rayleigh-Taylor Instability},
	Year = {2013}}

@techreport{lib:adjacent,
	Author = {J. Liandrat and P. H. Tchamitchian},
	Date-Added = {2014-05-21 07:44:44 +0000},
	Date-Modified = {2014-05-21 07:49:37 +0000},
	Institution = {NASA},
	Keywords = {wavelets, adjacent zone},
	Number = {90-83},
	Title = {Resolution of the 1D regularized Burgers equation using a spatial wavelet approximation},
	Year = {1990}}

@book{book:levset,
	Author = {J. A. Sethian},
	Date-Added = {2014-05-21 05:20:36 +0000},
	Date-Modified = {2014-05-21 05:26:49 +0000},
	Edition = {2},
	Keywords = {level set},
	Publisher = {Cambridge University Press},
	Series = {Cambridge Monograph on Applied and Computational Mathematics},
	Title = {Level Set Methods and Fast Marching Methods},
	Year = {1999}}

@article{lib:Roe,
	Author = {P.L Roe},
	Date-Added = {2014-05-19 01:41:05 +0000},
	Date-Modified = {2014-05-19 01:42:15 +0000},
	Journal = {J. Comp. Phys.},
	Keywords = {shock capturing},
	Number = {2},
	Pages = {357-372},
	Title = {Approximate Riemann solvers, parameter vectors, and difference schemes},
	Volume = {43},
	Year = {1981}}

@inbook{lib:wlt_home,
	Author = {Wim Sweldens and Peter Shroder},
	Chapter = {2},
	Date-Added = {2014-05-16 22:58:29 +0000},
	Date-Modified = {2014-05-16 23:03:21 +0000},
	Editor = {Roland Klees and Roger Haagmans},
	Keywords = {wavelets},
	Pages = {72-107},
	Publisher = {Springer},
	Series = {Lecture Notes in Earth Sciences},
	Title = {Wavelets in the Geosciences},
	Volume = {90},
	Year = {2000},
	Bdsk-File-1 = {YnBsaXN0MDDUAQIDBAUGJCVYJHZlcnNpb25YJG9iamVjdHNZJGFyY2hpdmVyVCR0b3ASAAGGoKgHCBMUFRYaIVUkbnVsbNMJCgsMDxJXTlMua2V5c1pOUy5vYmplY3RzViRjbGFzc6INDoACgAOiEBGABIAFgAdccmVsYXRpdmVQYXRoWWFsaWFzRGF0YV8QIC4uLy4uL1BhcGVycy93YXZlbGV0cy9hdGhvbWUucGRm0hcLGBlXTlMuZGF0YU8RAdQAAAAAAdQAAgAADE1hY2ludG9zaCBIRAAAAAAAAAAAAAAAAAAAAM4xX+tIKwAAAKxTtgphdGhvbWUucGRmAAAAAAAAAAAAAAAAAAAAAAAAAAAAAAAAAAAAAAAAAAAAAAAAAAAAAAAAAAAAAAAAAAAAAAAArRtUz5vhoAAAAAAAAAAAAAIAAwAACQAAAAAAAAAAAAAAAAAAAAAId2F2ZWxldHMAEAAIAADOMbRLAAAAEQAIAADPnDYAAAAAAQAcAKxTtgAFxmIABbyrAAWWlgCZZ6QAmUsuAJlLLAACAFRNYWNpbnRvc2ggSEQ6VXNlcnM6AGthc3RlcjoARG9jdW1lbnRzOgBTdHVkeToAUmVzZWFyY2g6AFBhcGVyczoAd2F2ZWxldHM6AGF0aG9tZS5wZGYADgAWAAoAYQB0AGgAbwBtAGUALgBwAGQAZgAPABoADABNAGEAYwBpAG4AdABvAHMAaAAgAEgARAASAEEvVXNlcnMva2FzdGVyL0RvY3VtZW50cy9TdHVkeS9SZXNlYXJjaC9QYXBlcnMvd2F2ZWxldHMvYXRob21lLnBkZgAAEwAVL1ZvbHVtZXMvTWFjaW50b3NoIEhEAAAVAAIAIv//AACABtIbHB0eWiRjbGFzc25hbWVYJGNsYXNzZXNdTlNNdXRhYmxlRGF0YaMdHyBWTlNEYXRhWE5TT2JqZWN00hscIiNcTlNEaWN0aW9uYXJ5oiIgXxAPTlNLZXllZEFyY2hpdmVy0SYnVHJvb3SAAQAIABEAGgAjAC0AMgA3AEAARgBNAFUAYABnAGoAbABuAHEAcwB1AHcAhACOALEAtgC+ApYCmAKdAqgCsQK/AsMCygLTAtgC5QLoAvoC/QMCAAAAAAAAAgEAAAAAAAAAKAAAAAAAAAAAAAAAAAAAAwQ=}}

@techreport{lib:donoho,
	Author = {David L. Donoho},
	Date-Added = {2014-05-16 01:39:26 +0000},
	Date-Modified = {2014-05-16 01:41:04 +0000},
	Institution = {Department of Statitistics, Stanford University},
	Keywords = {wavelets},
	Month = {October},
	Title = {Interpolating Wavelet Transforms},
	Year = {1992},
	Bdsk-File-1 = {YnBsaXN0MDDUAQIDBAUGJCVYJHZlcnNpb25YJG9iamVjdHNZJGFyY2hpdmVyVCR0b3ASAAGGoKgHCBMUFRYaIVUkbnVsbNMJCgsMDxJXTlMua2V5c1pOUy5vYmplY3RzViRjbGFzc6INDoACgAOiEBGABIAFgAdccmVsYXRpdmVQYXRoWWFsaWFzRGF0YV8QIi4uLy4uL1BhcGVycy93YXZlbGV0cy9pbnRlcnBvbC5wZGbSFwsYGVdOUy5kYXRhTxEB3AAAAAAB3AACAAAMTWFjaW50b3NoIEhEAAAAAAAAAAAAAAAAAAAAzjFf60grAAAArFO2DGludGVycG9sLnBkZgAAAAAAAAAAAAAAAAAAAAAAAAAAAAAAAAAAAAAAAAAAAAAAAAAAAAAAAAAAAAAAAAAAAACsuRnPmrrmAAAAAAAAAAAAAgADAAAJAAAAAAAAAAAAAAAAAAAAAAh3YXZlbGV0cwAQAAgAAM4xtEsAAAARAAgAAM+bD0YAAAABABwArFO2AAXGYgAFvKsABZaWAJlnpACZSy4AmUssAAIAVk1hY2ludG9zaCBIRDpVc2VyczoAa2FzdGVyOgBEb2N1bWVudHM6AFN0dWR5OgBSZXNlYXJjaDoAUGFwZXJzOgB3YXZlbGV0czoAaW50ZXJwb2wucGRmAA4AGgAMAGkAbgB0AGUAcgBwAG8AbAAuAHAAZABmAA8AGgAMAE0AYQBjAGkAbgB0AG8AcwBoACAASABEABIAQy9Vc2Vycy9rYXN0ZXIvRG9jdW1lbnRzL1N0dWR5L1Jlc2VhcmNoL1BhcGVycy93YXZlbGV0cy9pbnRlcnBvbC5wZGYAABMAFS9Wb2x1bWVzL01hY2ludG9zaCBIRAAAFQACACL//wAAgAbSGxwdHlokY2xhc3NuYW1lWCRjbGFzc2VzXU5TTXV0YWJsZURhdGGjHR8gVk5TRGF0YVhOU09iamVjdNIbHCIjXE5TRGljdGlvbmFyeaIiIF8QD05TS2V5ZWRBcmNoaXZlctEmJ1Ryb290gAEACAARABoAIwAtADIANwBAAEYATQBVAGAAZwBqAGwAbgBxAHMAdQB3AIQAjgCzALgAwAKgAqICpwKyArsCyQLNAtQC3QLiAu8C8gMEAwcDDAAAAAAAAAIBAAAAAAAAACgAAAAAAAAAAAAAAAAAAAMO}}

@article{lib:wlt_main,
	Author = {K.~Schneider and O.~V.~Vasilyev},
	Date-Added = {2014-05-14 22:44:02 +0000},
	Date-Modified = {2014-05-14 22:45:59 +0000},
	Journal = {Ann. Rev. Fluid Mech.},
	Keywords = {wavelets, cfd},
	Pages = {473-503},
	Title = {Wavelet Methods in Computational Fluid Dynamics},
	Volume = {42},
	Year = {2010},
	Bdsk-File-1 = {YnBsaXN0MDDUAQIDBAUGJCVYJHZlcnNpb25YJG9iamVjdHNZJGFyY2hpdmVyVCR0b3ASAAGGoKgHCBMUFRYaIVUkbnVsbNMJCgsMDxJXTlMua2V5c1pOUy5vYmplY3RzViRjbGFzc6INDoACgAOiEBGABIAFgAdccmVsYXRpdmVQYXRoWWFsaWFzRGF0YV8QNS4uLy4uL1BhcGVycy93YXZlbGV0cy9hbm51cmV2LWZsdWlkLTEyMTEwOC0xNDU2MzcucGRm0hcLGBlXTlMuZGF0YU8RAigAAAAAAigAAgAADE1hY2ludG9zaCBIRAAAAAAAAAAAAAAAAAAAAM4xX+tIKwAAAKxTth9hbm51cmV2LWZsdWlkLTEyMTEwOC0xNDU2MzcucGRmAAAAAAAAAAAAAAAAAAAAAAAAAAAAAAAAAAAAAAAAAAAArFOzz5lOUgAAAAAAAAAAAAIAAwAACQAAAAAAAAAAAAAAAAAAAAAId2F2ZWxldHMAEAAIAADOMbRLAAAAEQAIAADPmaKyAAAAAQAcAKxTtgAFxmIABbyrAAWWlgCZZ6QAmUsuAJlLLAACAGlNYWNpbnRvc2ggSEQ6VXNlcnM6AGthc3RlcjoARG9jdW1lbnRzOgBTdHVkeToAUmVzZWFyY2g6AFBhcGVyczoAd2F2ZWxldHM6AGFubnVyZXYtZmx1aWQtMTIxMTA4LTE0NTYzNy5wZGYAAA4AQAAfAGEAbgBuAHUAcgBlAHYALQBmAGwAdQBpAGQALQAxADIAMQAxADAAOAAtADEANAA1ADYAMwA3AC4AcABkAGYADwAaAAwATQBhAGMAaQBuAHQAbwBzAGgAIABIAEQAEgBWL1VzZXJzL2thc3Rlci9Eb2N1bWVudHMvU3R1ZHkvUmVzZWFyY2gvUGFwZXJzL3dhdmVsZXRzL2FubnVyZXYtZmx1aWQtMTIxMTA4LTE0NTYzNy5wZGYAEwAVL1ZvbHVtZXMvTWFjaW50b3NoIEhEAAAVAAIAIv//AACABtIbHB0eWiRjbGFzc25hbWVYJGNsYXNzZXNdTlNNdXRhYmxlRGF0YaMdHyBWTlNEYXRhWE5TT2JqZWN00hscIiNcTlNEaWN0aW9uYXJ5oiIgXxAPTlNLZXllZEFyY2hpdmVy0SYnVHJvb3SAAQAIABEAGgAjAC0AMgA3AEAARgBNAFUAYABnAGoAbABuAHEAcwB1AHcAhACOAMYAywDTAv8DAQMGAxEDGgMoAywDMwM8A0EDTgNRA2MDZgNrAAAAAAAAAgEAAAAAAAAAKAAAAAAAAAAAAAAAAAAAA20=}}

@article{lib:RegVas,
	Author = {J.~Regele and O.V. Vasilyev},
	Date-Added = {2014-05-14 20:42:10 +0000},
	Date-Modified = {2014-05-14 20:44:51 +0000},
	Journal = {Intl. Journal of CFD},
	Keywords = {shock capturing},
	Number = {7},
	Pages = {503-518},
	Title = {An Adaptive Wavelet-Collocation Method for Shock Computations},
	Volume = {23},
	Year = {2009},
	Bdsk-File-1 = {YnBsaXN0MDDUAQIDBAUGJCVYJHZlcnNpb25YJG9iamVjdHNZJGFyY2hpdmVyVCR0b3ASAAGGoKgHCBMUFRYaIVUkbnVsbNMJCgsMDxJXTlMua2V5c1pOUy5vYmplY3RzViRjbGFzc6INDoACgAOiEBGABIAFgAdccmVsYXRpdmVQYXRoWWFsaWFzRGF0YV8QJi4uLy4uL1BhcGVycy9TaG9jay9hcnRfdmlzY19SZWdlbGUucGRm0hcLGBlXTlMuZGF0YU8RAfAAAAAAAfAAAgAADE1hY2ludG9zaCBIRAAAAAAAAAAAAAAAAAAAAM4xX+tIKwAAAAXGbhNhcnRfdmlzY19SZWdlbGUucGRmAAAAAAAAAAAAAAAAAAAAAAAAAAAAAAAAAAAAAAAAAAAAAAAAAAAAAAAAAAAArDYAz5kx8AAAAAAAAAAAAAIAAwAACQAAAAAAAAAAAAAAAAAAAAAFU2hvY2sAABAACAAAzjG0SwAAABEACAAAz5mGUAAAAAEAHAAFxm4ABcZiAAW8qwAFlpYAmWekAJlLLgCZSywAAgBaTWFjaW50b3NoIEhEOlVzZXJzOgBrYXN0ZXI6AERvY3VtZW50czoAU3R1ZHk6AFJlc2VhcmNoOgBQYXBlcnM6AFNob2NrOgBhcnRfdmlzY19SZWdlbGUucGRmAA4AKAATAGEAcgB0AF8AdgBpAHMAYwBfAFIAZQBnAGUAbABlAC4AcABkAGYADwAaAAwATQBhAGMAaQBuAHQAbwBzAGgAIABIAEQAEgBHL1VzZXJzL2thc3Rlci9Eb2N1bWVudHMvU3R1ZHkvUmVzZWFyY2gvUGFwZXJzL1Nob2NrL2FydF92aXNjX1JlZ2VsZS5wZGYAABMAFS9Wb2x1bWVzL01hY2ludG9zaCBIRAAAFQACACL//wAAgAbSGxwdHlokY2xhc3NuYW1lWCRjbGFzc2VzXU5TTXV0YWJsZURhdGGjHR8gVk5TRGF0YVhOU09iamVjdNIbHCIjXE5TRGljdGlvbmFyeaIiIF8QD05TS2V5ZWRBcmNoaXZlctEmJ1Ryb290gAEACAARABoAIwAtADIANwBAAEYATQBVAGAAZwBqAGwAbgBxAHMAdQB3AIQAjgC3ALwAxAK4AroCvwLKAtMC4QLlAuwC9QL6AwcDCgMcAx8DJAAAAAAAAAIBAAAAAAAAACgAAAAAAAAAAAAAAAAAAAMm}}

@article{ebd_nk_ovv_cbvp_jcp,
	Author = {Eric Brown-Dymkoski and Nurlybek Kasimov and Oleg V. Vasilyev},
	Date-Added = {2014-04-16 23:42:09 +0000},
	Date-Modified = {2014-04-16 23:44:15 +0000},
	Journal = {J. Comp. Phys.},
	Keywords = {cfd, volume penalization, cbvp},
	Month = {April},
	Number = {1},
	Pages = {344-357},
	Title = {A characteristic based volume penalization method for general evolution problems applied to compressible viscous flows},
	Volume = {262},
	Year = {2014}}

@inproceedings{proc:muri,
	Address = {Bethel, CT, USA},
	Author = {Richard Regueiro and et.al.},
	Booktitle = {Dynamic Behavior of Materials},
	Date-Added = {2014-04-16 23:09:55 +0000},
	Date-Modified = {2014-04-17 00:57:51 +0000},
	Editor = {Bo Sang and Dan Casem and Jamie Kimberley},
	Keywords = {muri},
	Organization = {Society for Experimental Mechanics, Inc.},
	Pages = {341-353},
	Publisher = {Springer},
	Series = {Society for Experimental Mechanics Series},
	Title = {ONR MURI Project on Soil Blast Modeling and Simulation},
	Volume = {1},
	Year = {2014}}

@proceedings{conf:muri,
	Address = {Bethel, CT, USA},
	Date-Added = {2014-04-16 22:52:49 +0000},
	Date-Modified = {2014-04-16 23:12:29 +0000},
	Editor = {Bo Sang and Dan Casem and Jamie Kimberley},
	Keywords = {muri},
	Organization = {Society for Experimental Mechanics, Inc.},
	Publisher = {Springer},
	Title = {Dynamic Behavior of Materials},
	Volume = {1},
	Year = {2014}}

@article{lib:Boiron,
	Author = {O. Boiron and G. Chiavassa and R. Donat},
	Date-Added = {2013-01-16 09:39:18 +0000},
	Date-Modified = {2013-01-16 09:42:11 +0000},
	Journal = {Computers and Fluids},
	Keywords = {shock reflection, cfd, immersed boundary, brinkman},
	Number = {3},
	Pages = {703-714},
	Title = {A high-resolution penalization method for large Mach number flows in the presence of obstacles},
	Volume = {38},
	Year = {2008}}

@article{lib:chaudhuri,
	Author = {A. Chaudhuri and A. Hadjadj and O. Sadot and E. Glazer},
	Date-Added = {2013-01-16 09:11:02 +0000},
	Date-Modified = {2013-01-16 09:15:03 +0000},
	Journal = {Int. J. Numer. Meth. Engng},
	Keywords = {cfd, shock reflection, immersed boundary, detached shock},
	Number = {8},
	Pages = {975-990},
	Title = {Computational study of shock-wave interaction with solid obstacles using immersed boundary methods},
	Volume = {89},
	Year = {2012}}

@article{lib:bryson,
	Author = {A. E. Bryson and R. W. F. Gross},
	Date-Added = {2013-01-16 08:59:53 +0000},
	Date-Modified = {2013-01-16 09:08:35 +0000},
	Journal = {J. Fluid Mech.},
	Keywords = {shock reflection, experimenal},
	Number = {1},
	Pages = {1-22},
	Title = {Difraction of strong shocks by cones, cylinders, and spheres},
	Volume = {10},
	Year = {1960}}

@book{book:Toro,
	Author = {E. Toro},
	Date-Added = {2013-01-16 02:05:49 +0000},
	Date-Modified = {2014-05-14 23:01:01 +0000},
	Edition = {3},
	Keywords = {numerical methods, cfd, shock capturing, euler equations},
	Publisher = {Springer},
	Title = {Riemann Solvers and Numerical Methods for Fluid Dynamics: A Practical Introduction},
	Year = {2009}}

@article{lib:billig,
	Author = {F. S. Billig},
	Date-Added = {2013-01-15 21:48:20 +0000},
	Date-Modified = {2013-01-15 21:50:46 +0000},
	Journal = {J. Spacecraft},
	Keywords = {shock approximation},
	Number = {6},
	Pages = {822-823},
	Title = {Shock-wave shapes around spherical- and cylindrical-nosed bodies},
	Volume = {4},
	Year = {1967}}

@book{lib:Liepmann,
	Address = {31 East 2nd Street, Mineola, N.Y. 11501},
	Author = {H. W. Liepmann and A. Roshko},
	Date-Added = {2013-01-15 11:02:32 +0000},
	Date-Modified = {2013-01-15 11:23:04 +0000},
	Edition = {2},
	Editor = {T. von Karman and C. B. Millikan},
	Keywords = {gasdynamics, supersonic flow},
	Publisher = {Dover Publications, Inc.},
	Title = {Elemenst of Gasdynamics},
	Year = {2001}}

@article{lib:vp_liu,
	Author = {Q. Liu and O.V. Vasilyev},
	Date-Added = {2012-12-09 07:18:48 +0000},
	Date-Modified = {2012-12-09 07:21:42 +0000},
	Journal = {J. Comp. Phys.},
	Keywords = {volume penalization, brinkman, complex geometries},
	Number = {2},
	Pages = {946-966},
	Title = {A Brinkman penalization method for compressible flows in complex geometries},
	Volume = {227},
	Year = {2007},
	Bdsk-File-1 = {YnBsaXN0MDDUAQIDBAUGJCVYJHZlcnNpb25YJG9iamVjdHNZJGFyY2hpdmVyVCR0b3ASAAGGoKgHCBMUFRYaIVUkbnVsbNMJCgsMDxJXTlMua2V5c1pOUy5vYmplY3RzViRjbGFzc6INDoACgAOiEBGABIAFgAdccmVsYXRpdmVQYXRoWWFsaWFzRGF0YV8QIi4uLy4uL1BhcGVycy9Ccmlua21hbi9KQ1BfMjAwNy5wZGbSFwsYGVdOUy5kYXRhTxEB3AAAAAAB3AACAAAMTWFjaW50b3NoIEhEAAAAAAAAAAAAAAAAAAAAzjFf60grAAAABcZjDEpDUF8yMDA3LnBkZgAAAAAAAAAAAAAAAAAAAAAAAAAAAAAAAAAAAAAAAAAAAAAAAAAAAAAAAAAAAAAAAAAAAACsoTXPmpBqAAAAAAAAAAAAAgADAAAJAAAAAAAAAAAAAAAAAAAAAAhCcmlua21hbgAQAAgAAM4xtEsAAAARAAgAAM+a5MoAAAABABwABcZjAAXGYgAFvKsABZaWAJlnpACZSy4AmUssAAIAVk1hY2ludG9zaCBIRDpVc2VyczoAa2FzdGVyOgBEb2N1bWVudHM6AFN0dWR5OgBSZXNlYXJjaDoAUGFwZXJzOgBCcmlua21hbjoASkNQXzIwMDcucGRmAA4AGgAMAEoAQwBQAF8AMgAwADAANwAuAHAAZABmAA8AGgAMAE0AYQBjAGkAbgB0AG8AcwBoACAASABEABIAQy9Vc2Vycy9rYXN0ZXIvRG9jdW1lbnRzL1N0dWR5L1Jlc2VhcmNoL1BhcGVycy9Ccmlua21hbi9KQ1BfMjAwNy5wZGYAABMAFS9Wb2x1bWVzL01hY2ludG9zaCBIRAAAFQACACL//wAAgAbSGxwdHlokY2xhc3NuYW1lWCRjbGFzc2VzXU5TTXV0YWJsZURhdGGjHR8gVk5TRGF0YVhOU09iamVjdNIbHCIjXE5TRGljdGlvbmFyeaIiIF8QD05TS2V5ZWRBcmNoaXZlctEmJ1Ryb290gAEACAARABoAIwAtADIANwBAAEYATQBVAGAAZwBqAGwAbgBxAHMAdQB3AIQAjgCzALgAwAKgAqICpwKyArsCyQLNAtQC3QLiAu8C8gMEAwcDDAAAAAAAAAIBAAAAAAAAACgAAAAAAAAAAAAAAAAAAAMO}}

@article{lib:vp_brink,
	Author = {E. Arquis and J.P. Caltagirone},
	Date-Added = {2012-12-09 07:08:22 +0000},
	Date-Modified = {2012-12-09 07:11:35 +0000},
	Journal = {C.R. Acad. Sci. Paris II},
	Keywords = {volume penalization, brinkman},
	Pages = {1-4},
	Title = {Sur les conditions hydrodynamiques au voisinage d'une interface milieu fluide -- milieu poreux: application \`a la convection naturelle},
	Volume = {299},
	Year = {1984}}

@article{lib:vp_angot,
	Author = {P. Angot and C.H. Bruneau and P. Fabrie},
	Date-Added = {2012-12-09 06:24:14 +0000},
	Date-Modified = {2012-12-09 07:21:28 +0000},
	Journal = {Numer. Math.},
	Keywords = {volume penalization},
	Number = {4},
	Pages = {497-520},
	Title = {A penalization method to take into account obstacles in viscous flows},
	Volume = {81},
	Year = {1999}}

@article{lib:ib_peskin,
	Author = {C.S. Peskin},
	Date-Added = {2012-12-09 05:31:53 +0000},
	Date-Modified = {2014-04-17 00:56:00 +0000},
	Journal = {J. Comp. Phys.},
	Keywords = {immersed boundary},
	Number = {3},
	Pages = {220-252},
	Title = {Numerical analysis of blood flow in the heart},
	Volume = {25},
	Year = {1977}}

@article{lib:ib_fadlun,
	Author = {E.~A.~Fadlun and R.~Versiccon and P.~Orlandi and J.~Mohd-Yusof},
	Date-Added = {2012-12-08 23:33:44 +0000},
	Date-Modified = {2012-12-09 07:27:21 +0000},
	Journal = {J. Comp. Phys.},
	Keywords = {immersed boundary},
	Number = {1},
	Pages = {35-60},
	Title = {Combined Immersed-Boundary Finite-Difference Methods for Three-Dimensional Complex Flow Simulations},
	Volume = {161},
	Year = {2000}}
